@COMMENT malaria webpages:
@misc{WHO_dec_2016,
	author={WHO},
	title={Malaria fact sheet December 2016},
	year=2016,
	url={http://www.who.int/mediacentre/factsheets/fs094/en/},
	urldate={2017-03-06}
}

@COMMENT RBCs mathematical morphology related articles:
@article{Ahirwar2012,
	title={Advanced image analysis based system for automatic detection and classification of malarial parasite in blood images},
	author={Ahirwar, N. and Pattnaik, S. and Acharya, B.},
	journal={International Journal of Information Technology and Knowledge Management},
	volume={5},
	number={1},
	pages={59--64},
	year={2012},
}

@INPROCEEDINGS{Anggraini2011,
	author={D. Anggraini and A.S. Nugroho and C. Pratama and I.E. Rozi and A.A. Iskandar and R.N. Hartono},
	booktitle={Proceedings of the 2011 International Conference on Electrical Engineering and Informatics},
	title={Automated status identification of microscopic images obtained from malaria thin blood smears},
	year={2011},
	pages={1-6},
%	keywords={biomedical optical imaging;blood;cellular biophysics;diseases;image segmentation;medical image processing;microorganisms;Plasmodium falciparum;blood sample;cytoplasm;digital images;erythrocyte;image processing algorithm;image segmentation;malaria;microscopic images;nucleus;thin blood smears;Algorithm design and analysis;Blood;Diseases;Histograms;Image segmentation;Microscopy;image segmentation;malaria;thin blood smears;thresholding},
%	doi={10.1109/ICEEI.2011.6021762},
%	ISSN={2155-6822},
%	month={July},
}

@article{Arco2014,
	title = "Digital image analysis for automatic enumeration of malaria parasites using morphological operations ",
    author = "Arco, J.E. and Gorriz, J.M. and Ramirez, J. and Alvarez, I. and Puntonet, C.G.",
	journal = "Expert Systems with Applications ",
	volume = "42",
	number = "6",
	pages = "3041 - 3047",
	year = "2014",
%	note = "",
%	issn = "0957-4174",
%	doi = "http://dx.doi.org/10.1016/j.eswa.2014.11.037",
%	url = "http://www.sciencedirect.com/science/article/pii/S0957417414007295",
}
%

@ARTICLE{Chen2012,
	author={Chen, S. and Zhao, M. and Wu, G. and Yao, C. and Zhang, J.},
	title={Recent advances in morphological cell image analysis},
	journal={Computational and Mathematical Methods in Medicine},
	year={2012},
	volume={2012},
	doi={10.1155/2012/101536},
%	art_number={101536},
%	note={cited By 47},
%	url={https://www.scopus.com/inward/record.uri?eid=2-s2.0-84856368490&doi=10.1155%2f2012%2f101536&partnerID=40&md5=aecedaede4ed4b916e73220d88dbf2e9},
%	document_type={Review},
%	source={Scopus},
}

@inproceedings{Das2011,
	title={Probabilistic prediction of malaria using morphological and textural information},
	author={Das, D.K. and Ghosh, M. and Chakraborty, C. and Maiti, A.K. and Pal, M.},
	booktitle={Image Information Processing (ICIIP), 2011 International Conference on},
	pages={1--6},
	year={2011},
%	organization={IEEE}
}
%
@article{Das2014,
	title={Textural pattern classification of microscopic images for malaria screening},
	author={Das, D.K. and Maiti, A.K. and Chakraborty, C.},
	journal={Advances in Therapeutic Engineering},
	pages={419--446},
	year={2014},
%	publisher={CRC Press}
}
%
@article{Das2013,
	title = "Machine learning approach for automated screening of malaria parasite using light microscopic images ",
    author = "Das, D.K.  and Ghosh, M. and Pal, M. and Maiti, A.K. and Chakraborty, C.",
	journal = "Micron ",
	volume = "45",
	pages = "97 - 106",
	year = "2013",
%	note = "",
%	issn = "0968-4328",
%	doi = "https://doi.org/10.1016/j.micron.2012.11.002",
%	url = "http://www.sciencedirect.com/science/article/pii/S0968432812002594",
%	keywords = "Malaria parasite",
%	keywords = "Erythrocyte",
%	keywords = "Texture",
%	keywords = "Bayesian classifier",
%	keywords = "Machine learning "
}

@article{Das2015,
	title={Computational microscopic imaging for malaria parasite detection: a systematic review},
	author={Das, D.K. and Mukherjee, R. and Chakraborty, C.},
	journal={Journal of microscopy},
	volume={260},
	number={1},
	pages={1--19},
	year={2015},
	%publisher={Wiley Online Library}
}

@INPROCEEDINGS{Dave2017,
	author={I.R. Dave and K.P. Upla},
	booktitle={2017 4th International Conference on Signal Processing and Integrated Networks (SPIN)},
	title={Computer Aided Diagnosis of Malaria Disease for Thin and Thick Blood Smear Microscopic Images},
	year={2017},
	pages={561-561},
}
%


@article{Devi2017,
  title={Erythrocyte segmentation for quantification in microscopic images of thin blood smears},
  author={Devi, S.S. and Singha, J. and Sharma, M. and Laskar, R.H.},
  journal={Journal of Intelligent and Fuzzy Systems},
  year={2017},
  volume={32},
  pages={2847-2856}
}

@inproceedings{Dey2015,
    author={R. Dey and K. Roy and D. Bhattacharjee and M. Nasipuri and P. Ghosh},
	title={An Automated system for Segmenting platelets from Microscopic images of Blood Cells},
	booktitle={Proceedings of the 2015 International Symposium on Advanced Computing and Communication (ISACC)},
	pages={230-237},
    year={2015},
}

@article{Diaz2009,
  title={A semi-automatic method for quantification and classification of erythrocytes infected with malaria parasites in microscopic images},
  author={G. Diaz and F.A. Gonzalez and E. Romero},
  journal={Journal of Biomedical Informatics},
  year={2009},
  volume={42},
  pages={296-307},
}

@article{DiRuberto2002,
	title = "Analysis of infected blood cell images using morphological operators ",
    author = "Di Ruberto, C. and Dempster, A. and Khan, S. and Jarra, B.",
	journal = "Image and Vision Computing ",
	volume = "20",
	number = "2",
	pages = "133 - 146",
	year = "2002",
%	note = "",
%	issn = "0262-8856",
%	doi = "https://doi.org/10.1016/S0262-8856(01)00092-0",
%	url = "http://www.sciencedirect.com/science/article/pii/S0262885601000920",
%	keywords = "Granulometry",
%	keywords = "Regional extrema",
%	keywords = "Blood image segmentation",
%	keywords = "Skeleton",
%	keywords = "Colour retrieval "
}
%
@inproceedings{DiRuberto2014,
    author={C. Di Ruberto and L. Putzu},
	title={Accurate blood cells segmentation through intuitionistic fuzzy set threshold},
	booktitle={Proceedings of the 2014 International Conference on Signal Image Technology and Internet based Systems (SITIS)},
	pages={57-64},
    year={2014},
}

@INPROCEEDINGS{Elter2011,
	author={Elter, M. and Ha{\ss}lmeyer, E. and Zerfa{\ss}, T.},
	booktitle={2011 Annual International Conference of the IEEE Engineering in Medicine and Biology Society},
	title={Detection of malaria parasites in thick blood films},
	year={2011},
	pages={5140-5144},
%	keywords={blood;cellular biophysics;diseases;medical image processing;microorganisms;World Health Organization;automated microscopy;automatic plasmodia detection;computer-aided malaria screening;detection sensitivity;malaria diagnosis;malaria parasite detection;stained blood film;thick blood films;two-stage algorithm;Blood;Detection algorithms;Diseases;Feature extraction;Microscopy;Sensitivity;Training;Algorithms;Erythrocytes;Humans;Image Enhancement;Image Interpretation, Computer-Assisted;Malaria, Falciparum;Microscopy;Pattern Recognition, Automated;Plasmodium falciparum;Reproducibility of Results;Sensitivity and Specificity},
%	doi={10.1109/IEMBS.2011.6091273},
%	ISSN={1094-687X},
%	month={Aug},
}
%

@book{Giardina1988,
	author = {Giardina, C.R. and Dougherty, E.R.},
	title = {Morphological Methods in Image and Signal Processing},
	year = {1988},
	isbn = {0-13-601295-7},
	publisher = {Prentice-Hall, Inc.},
	address = {Upper Saddle River, NJ, USA},
} 	

@INPROCEEDINGS{Ghosh2011,
	author={Ghosh, M. and Das, D. and Chakraborty, C. and Ray, A.K.},
	booktitle={2011 International Conference on Image Information Processing},
	title={Plasmodium vivax segmentation using modified fuzzy divergence},
	year={2011},
	pages={1-5},
%	keywords={diseases;fuzzy set theory;image segmentation;medical expert systems;medical image processing;Cauchy membership function;Plasmodium vivax detection;Plasmodium vivax segmentation;blood film;design protocol;divergence based threshold selection;erythrocytes;fuzzy divergence based segmentation;malaria parasite segmentation;microscopic image;modified fuzzy divergence algorithm;vivax infected region;Biomedical imaging;Blood;Diseases;Image color analysis;Image segmentation;Information processing;Microscopy;formatting;insert;style;styling},
%	doi={10.1109/ICIIP.2011.6108873},
%	month={Nov},
}
%

@article{Gonzalez2016,
	title = "Automated marker identification using the Radon transform for watershed segmentation",
    author = "A. Gonzalez-Betancourt and P. Rodriguez-Ribalta et alt.",
	journal = "IET Image Processing",
	volume = "11",
	number = "3",
	pages = "183-189",
	year = "2016",
%	note = "",
%	issn = "0957-4174",
%	doi = "http://dx.doi.org/10.1016/j.eswa.2014.11.037",
%	url = "http://www.sciencedirect.com/science/article/pii/S0957417414007295",
}
%




@inproceedings{Jiang2009,
	author={Jiang, X.},
	editor={ },
	year={2009},
	title={Feature extraction for image recognition and computer vision},
	booktitle={Proceedings - 2009 2nd IEEE International Conference on Computer Science and Information Technology, ICCSIT 2009},
	pages={1-15},
	language={English},
%	url={www.scopus.com},
}
%

@inproceedings{Kareem2011,
	author={Kareem, S. and Morling, R.C.S. and Kale, I.},
	title={A novel method to count the red blood cells in thin blood films},
	booktitle={Proceedings of 2011 IEEE International Symposium on Circuits and Systems (ISCAS)},
	year={2011},
	pages={1021-1024},
%	doi={10.1109/ISCAS.2011.5937742},
%	art_number={5937742},
%	note={cited By 6},
%	url={https://www.scopus.com/inward/record.uri?eid=2-s2.0-79960862217&doi=10.1109%2fISCAS.2011.5937742&partnerID=40&md5=267cbdfd76ef9f8eab6dd6797d934e34},
%	document_type={Conference Paper},
%	source={Scopus},
}
%


@inproceedings{Kareem2012,
	author={Kareem, S. and Kale, I. and Morling, R.C.S.},
	editor={ },
	year={2012},
	title={Automated Malaria Parasite Detection in Thin Blood Films:- A Hybrid Illumination and Color Constancy Insensitive, Morphological Approach},
	booktitle={Proc. of the 2012 IEEE Asia Pacific Conference on  Circuits and Systems (APCCAS)},
	pages={ },
	language={English},
}

@article{Kaur2013,
	title={Applications of Mathematical Morphology in Image Processing: A Review 1},
	author={Kaur, Beant and Kaur, Sangeet Pal},
	year={2013},
	publisher={Citeseer}
}

@article{Khan2011,
	title={Content based image retrieval approaches for detection of malarial parasite in blood images},
	author={Khan, M.I. and Acharya, B. and Singh, B.K. and Soni, J.},
	journal={International Journal of Biometrics and Bioinformatics (IJBB)},
	volume={5},
	number={2},
	pages={97},
	year={2011},
	publisher={Citeseer}
}

@INPROCEEDINGS{Khan2014,
	author={Khan, N.A. and Pervaz, H. and Latif, A.K. and Musharraf, A. and Saniya},
	booktitle={2014 11th International Joint Conference on Computer Science and Software Engineering (JCSSE)},
	title={Unsupervised identification of malaria parasites using computer vision},
	year={2014},
	pages={263-267},
	keywords={biology computing;computer vision;diseases;image segmentation;medical image processing;pattern clustering;unsupervised learning;K-means clustering;anopheles mosquitoes;clinical diagnosis;computer vision;fatal tropical disease;laboratory diagnosis;light microscopy image;malaria parasite tissue;pixel based approach;plasmodium species;segmentation;unsupervised identification;Computer Vision;Malaria parasite detection;unsupervised identification},
	doi={10.1109/JCSSE.2014.6841878},
	month={May},
}


@INPROCEEDINGS{Malihi2013,
	author={Malihi, L. and Ansari-Asl, K. and Behbahani, A.},
	booktitle={2013 8th Iranian Conference on Machine Vision and Image Processing (MVIP)},
	title={Malaria parasite detection in giemsa-stained blood cell images},
	year={2013},
	pages={360-365},
%	keywords={diseases;feature extraction;image classification;image colour analysis;image enhancement;medical image processing;support vector machines;1-NN classifier;Fisher classifier;K nearest neighbors classifier;KNN;Malaria parasite detection;NM;SVM;blood samples;color histogram;feature extraction;flat texture features;giemsa-stained blood cell images;gradient features;granulometry;nearest mean classifier;red blood cell mask;support vector machines;white blood cells;Diseases;Feature extraction;Histograms;Image color analysis;Red blood cells;Support vector machines;Area granulometry;Blood cell image;Fisher's linear discriminator;K nearest neighbors rule;Malaria diagnosis;Nearest Mean},
%	doi={10.1109/IranianMVIP.2013.6780011},
%	ISSN={2166-6776},
%	month={Sept},
}

@INPROCEEDINGS{Mushabe2013,
	author={Mushabe, M.C. and Dendere, R. and Douglas, T.S.},
	booktitle={2013 35th Annual International Conference of the IEEE Engineering in Medicine and Biology Society (EMBC)},
	title={Automated detection of malaria in Giemsa-stained thin blood smears},
	year={2013},
	pages={3698-3701},
%	keywords={Bayes methods;blood;cellular biophysics;diseases;mesh generation;patient diagnosis;Bayesian classifier;Giemsa-stained thin blood smears;RBC;RGB pixel values;boundary curvature calculations;delaunay triangulation;histogram-based thresholding;malaria detection;malaria diagnosis;microscopy-based analysis;morphological operations;parasitaemia calculation;split clumped red blood cells;time-consuming process;Classification algorithms;Diseases;Image color analysis;Microscopy;Morphological operations;Red blood cells},
%	doi={10.1109/EMBC.2013.6610346},
%	ISSN={1094-687X},
%	month={July},
}
%%
@article{Oliveira2017,
	title={The Malaria System MicroApp: A New, Mobile Device-Based Tool for Malaria Diagnosis},
	author={Oliveira, A.D.  and Prats, C. and Espasa, M. and et al.},
    journal={JMIR Research Protocols},
	volume={6},
	number={4},
	pages={1--11},
    month = {Apr},
	year={2017},
}

@article{Otsu1975,
	title={A threshold selection method from gray-level histograms},
	author={Otsu, N.},
	journal={Automatica},
	volume={11},
	number={285-296},
	pages={23--27},
	year={1975},
}

@inproceedings{Reni2015,
	author={Reni, S.K.  and Kale, I. and Morling, R.},
	editor={ },
	year={2015},
	title={Analysis of Thin Blood Images for Automated Malaria Diagnosis},
	booktitle={Proc. of the 5th IEEE International Conference on E-Health and Bioengineering - EHB 2015},
	pages={ },
	language={English},
}

@article{Romero2016,
	title={Algorithm for detection of overlapped red blood cells in microscopic images of blood smears},
	author={Romero-Rondon, M.F. and Sanabria-Rosas, L.M. and Bautista-Rozo, L.X. and Mendoza-Castellanos, A.},
	journal={DYNA},
	volume={83},
    number={198},
	pages={187--194},
	year={2016},
}
@article{Rosado2016,
	author = "Luis Rosado and Jose M. Correia da Costa and Dirk Elias and Jaime S. Cardoso",
	title = "A review of automatic malaria parasites detection and segmentation in microscopic images",
	journal = "Anti-Infective Agents",
	year = "2016",
	type = "article",
	url = "http://www.inescporto.pt/~jsc/publications/journals/2016LRosadoAIA.pdf"
}


@article{Rosado2017,
	title={Mobile-Based Analysis of Malaria-Infected Thin Blood Smears: Automated Species and Life Cycle Stage Determination},
	author={L. Rosado and J.M. Correia da Costa and D. Elias and J.S. Cardoso},
	journal={Sensors},
	volume={17},
    number={ },
	pages={1--22},
	year={2017},
}


@Article{Ross2006,
	author="Ross, N.E. and Pritchard, C.J. and Rubin, D.M. and Dus{\'e}, A.G.",
	title="Automated image processing method for the diagnosis and classification of malaria on thin blood smears",
	journal="Medical and Biological Engineering and Computing",
	year="2006",
	volume="44",
	number="5",
	pages="427--436",
%	abstract="Malaria is a serious global health problem, and rapid, accurate diagnosis is required to control the disease. An image processing algorithm to automate the diagnosis of malaria on thin blood smears is developed. The image classification system is designed to positively identify malaria parasites present in thin blood smears, and differentiate the species of malaria. Images are acquired using a charge-coupled device camera connected to a light microscope. Morphological and novel threshold selection techniques are used to identify erythrocytes (red blood cells) and possible parasites present on microscopic slides. Image features based on colour, texture and the geometry of the cells and parasites are generated, as well as features that make use of a priori knowledge of the classification problem and mimic features used by human technicians. A two-stage tree classifier using backpropogation feedforward neural networks distinguishes between true and false positives, and then diagnoses the species (Plasmodium falciparum, P. vivax, P. ovale or P. malariae) of the infection. Malaria samples obtained from the Department of Clinical Microbiology and Infectious Diseases at the University of the Witwatersrand Medical School are used for training and testing of the system. Infected erythrocytes are positively identified with a sensitivity of 85{\%} and a positive predictive value (PPV) of 81{\%}, which makes the method highly sensitive at diagnosing a complete sample provided many views are analysed. Species were correctly determined for 11 out of 15 samples.",
%	issn="1741-0444",
%	doi="10.1007/s11517-006-0044-2",
%	url="http://dx.doi.org/10.1007/s11517-006-0044-2"
}
%
@Article{Sathpathi2014,
	author="Sathpathi, S. and Mohanty, A.K. and Satpathi, P. and Mishra, S.K. and Behera, P.K. and Patel, G. and Dondorp, A.M.",
	title="Comparing Leishman and Giemsa staining for the assessment of peripheral blood smear preparations in a malaria-endemic region in India",
	journal="Malaria Journal",
	year="2014",
	volume="13",
	number="1",
	pages="512",
	abstract="Microscopy of peripheral blood thin and thick films remains the reference for malaria diagnosis. Although Giemsa staining is most commonly used, the Leishman staining method provides better visualization of the nuclear chromatin pattern of cells. It is less well known whether accuracy of parasitaemia assessment is equally accurate with the latter method.",
	issn="1475-2875",
	doi="10.1186/1475-2875-13-512",
	url="http://dx.doi.org/10.1186/1475-2875-13-512",
}

@article{Savkare2011a,
	title={Automatic Classification of Normal and Infected Blood Cells for Parasitemia Detection},
	author={Savkare, S.S. and Narote, S.P.},
	journal={International Journal of Computer Science and Network Security (IJCSS)},
	volume={11},
	number={2},
	pages={94-97},
	year={2011},
%	publisher={Citeseer}
}

@article{Savkare2011b,
	title={Automatic detection of malaria parasites for estimating parasitemia},
	author={Savkare, S.S. and Narote, S.P.},
	journal={International Journal of Computer Science and Security (IJCSS)},
	volume={5},
	number={3},
	pages={310-315},
	year={2011},
%	publisher={Citeseer}
}

@inproceedings{Savkare2015,
    author={Savkare, S.S. and Narote, S.P.},
	title={Blood Cell Segmentation from Microscopic Blood Images},
	booktitle={Proceedings of the 2015 International Conference on Information Processing (ICIP)},
	pages={502-505},
    year={2015},
}


@article{Sheik2013,
    title={Automatic diagnosis of malaria based on complete circle ellipse fitting search algorithm},
	author={Sheikhhosseini, M. and Rabbani, H. and Zekri, M. and Talebi, A.},
	journal={Journal of Microscopy},
	volume={252},
	number={3},
	pages={189--203},
	year={2013},
	publisher={Royal Microscopical Society}
}
%
@article{Springl2009,
	title={Automatic malaria diagnosis through microscopy imaging},
	author={{\v{S}}pringl, V.},
	journal={FACULTY OF ELECTRICAL ENGINEERING},
	pages={128},
	year={2009},
}
%
@book{Soille2004,
	abstract = {From the Publisher:The purpose of this book is to provide readers with an in-depth presentation of the principles and applications of morphological image analysis. This is achieved through a step by step process starting from the basic morphological operators and extending to the most recent advances which have proven their practical usefulness. This self-contained volume will be valuable to all engineers, scientists, and practitioners interested in the analysis and processing of digital images.},
	archivePrefix = {arXiv},
	arxivId = {1011.1669},
	author = {Soille, P.},
	booktitle = {Morphological Image Analysis Principles and Applications},
	doi = {10.1007/978-3-662-05088-0},
	eprint = {1011.1669},
	isbn = {978-3-642-07696-1},
	issn = {09574271},
	pages = {392},
	pmid = {11847452},
	title = {Morphological Image Analysis: Principles and Applications},
	url = {http://link.springer.com/10.1007/978-3-662-05088-0},
    publisher = {Springer},
	year = {2004},
}

@article{Somasekar2015,
	title={Segmentation of erythrocytes infected with malaria parasites for the diagnosis using microscopy imaging},
	author={Somasekar, J. and Reddy, B.E.},
	journal={Computers and Electrical Engineering},
	volume={45},
	pages={336--351},
	year={2015},
	publisher={Elsevier},
}

@article{Somasekar2011,
	title={Computer vision for malaria parasite classification in erythrocytes},
	author={Somasekar, J.,
	journal={International Journal on Computer Science and Engineering},
	volume={3},
	number={6},
	pages={2251--2256},
	year={2011},
	publisher={Engg Journals Publications},
}

@article{Somasekar2017,
	title={A Novel Two-Stage Thresholding Method for Segmentation of Malaria Parasites in Microscopic Blood Images},
	author={Somasekar, J. and Reddy, B.E.},
	journal={Journal of Biomedical Engineering and Medical Imaging},
	volume={4},
    number={2},
	pages={31--42},
	year={2017},
	%publisher={SO C I E T Y F O R S C I E N C E A N D E D U C A T I O N U N I T E D KI N G D O M},
}

@article{Soni2011,
	title={Automatic difference between RBC and Malaria parasites based on morphology with frst order features using image processing},
	author={Soni, J. and Mishra, N. and Kamargaonkar, C.},
	journal={Int. J. Adv. Eng. Technol},
	volume={1},
	pages={290--297},
	year={2011},
}

@inproceedings{Sulist2015,
    author={D.H. Sulistyawati and F.Z. Rahmanti and I.K.E. Purnama and M.H. Purnomo},
	title={Automatic Segmentation of Malaria Parasites on Thick Blood Film using Blob Analysis},
	booktitle={Proceedings of the 2015 International Seminar on Intelligent Technology and Its Applications},
	pages={137-142},
    year={2015},
}



@inproceedings{Tek2006,
    author={Tek, F.B. and Dempster, A.G. and Kale, I.},
	title={Malaria parasite detection in peripheral blood images},
	booktitle={Proceedings of the British Machine Vision Conference 2006 - BMVC 2006},
	pages={347-356},
    year={2006},
%	note={cited By 33},
%	url={https://www.scopus.com/inward/record.uri?eid=2-s2.0-84898037066&partnerID=40&md5=8de8d297f0bb1a59422d6097ed33ba1f},
%	document_type={Conference Paper},
%	source={Scopus},
}


%
@article{Tek2010,
	title = {Parasite detection and identification for automated thin blood film malaria diagnosis},
    author = {Tek, F.B. and Dempster, A.G. and Kale, I.},
	journal = {Computer Vision and Image Understanding},
	volume = {114},
	number = {1},
	pages = {21 - 32},
	year = {2010},
%	note = {},
%	issn = {1077-3142},
%	doi = {http://dx.doi.org/10.1016/j.cviu.2009.08.003},
%	url = {http://www.sciencedirect.com/science/article/pii/S1077314209001234},
%	keywords = {Malaria diagnosis},
%	keywords = {Microscope image analysis},
%	keywords = {Blood cell image},
%	keywords = {Parasitemia},
%	keywords = {K nearest neighbour rule},
%	keywords = {Imbalanced learning},
%	keywords = {Area granulometry},
}
%

@article{Yunda2012,
	title={Automated image analysis method for p-vivax malaria parasite detection in thick film blood images},
	author={Yunda, L. and Alarc{\'o}n, A. and Mill{\'a}n, J.},
	journal={Sistemas \& Telem{\'a}tica},
	volume={10},
	number={20},
	pages={9--25},
	year={2012},
}
%

@INPROCEEDINGS{Loddo2016,
	author={Loddo, A. and Putzu, L. and Di Ruberto, C. and Fenu, G.},
	booktitle={2016 12th International Conference on Signal-Image Technology Internet-Based Systems (SITIS)},
	title={A Computer-Aided System for Differential Count from Peripheral Blood Cell Images},
	year={2016},
	pages={112-118},
	keywords={automatic optical inspection;blood;cellular biophysics;decision support systems;medical image processing;patient care;RBC detection;WBC detection;WBC identification;automated blood cell analysis;blood cell classification;blood smear images;clinical decision support system;computer-aided system;differential counting;erythrocytes;human visual inspection;leukocytes;light microscope;microscope images;operator capabilities;peripheral blood cell images;platelets;tiredness;Blood;Bones;Diseases;Image color analysis;Image segmentation;Microscopy;Shape;Automatic cell detection;Cell analysis;Cell count;Medical image processing},
	doi={10.1109/SITIS.2016.26},
	month={Nov},}
