@COMMENT malaria webpages:
@misc{WHO_dec_2016,
	author={WHO},
	title={Malaria fact sheet December 2016},
	year=2016,
	url={http://www.who.int/mediacentre/factsheets/fs094/en/},
	urldate={2017-03-06}
}
%
@COMMENT RBCs mathematical morphology related articles:
%
%@Article{Aha1991_kNN,
%	author="Aha, David W.
%	and Kibler, Dennis
%	and Albert, Marc K.",
%	title="Instance-based learning algorithms",
%	journal="Machine Learning",
%	year="1991",
%	volume="6",
%	number="1",
%	pages="37--66",
%	abstract="Storing and using specific instances improves the performance of several supervised learning algorithms. These include algorithms that learn decision trees, classification rules, and distributed networks. However, no investigation has analysed algorithms that use only specific instances to solve incremental learning tasks. In this paper, we describe a framework and methodology, called instance-based learning, that generates classification predictions using only specific instances. Instance-based learning algorithms do not maintain a set of abstractions derived from specific instances. This approach extends the nearest neighbor algorithm, which has large storage requirements. We describe how storage requirements can be significantly reduced with, at most, minor sacrifices in learning rate and classification accuracy. While the storage-reducing algorithm performs well on several real-world databases, its performance degrades rapidly with the level of attribute noise in training instances. Therefore, we extended it with a significance test to distinguish noisy instances. This extended algorithm's performance degrades gracefully with increasing noise levels and compares favorably with a noise-tolerant decision tree algorithm.",
%	issn="1573-0565",
%	doi="10.1007/BF00153759",
%	url="http://dx.doi.org/10.1007/BF00153759"
%}
%
%@article{Ahirwar2012,
%	title={Advanced image analysis based system for automatic detection and classification of malarial parasite in blood images},
%	author={Ahirwar, Neetu and Pattnaik, Sapnojit and Acharya, Bibhudendra},
%	journal={International Journal of Information Technology and Knowledge Management},
%	volume={5},
%	number={1},
%	pages={59--64},
%	year={2012}
%}
%
%@INPROCEEDINGS{Anggraini2011,
%	author={D. Anggraini and A. S. Nugroho and C. Pratama and I. E. Rozi and Aulia Arif Iskandar and Reggio Nurtanio Hartono},
%	booktitle={Proceedings of the 2011 International Conference on Electrical Engineering and Informatics},
%	title={Automated status identification of microscopic images obtained from malaria thin blood smears},
%	year={2011},
%	pages={1-6},
%	keywords={biomedical optical imaging;blood;cellular biophysics;diseases;image segmentation;medical image processing;microorganisms;Plasmodium falciparum;blood sample;cytoplasm;digital images;erythrocyte;image processing algorithm;image segmentation;malaria;microscopic images;nucleus;thin blood smears;Algorithm design and analysis;Blood;Diseases;Histograms;Image segmentation;Microscopy;image segmentation;malaria;thin blood smears;thresholding},
%	doi={10.1109/ICEEI.2011.6021762},
%	ISSN={2155-6822},
%	month={July},
%}
%
%@article{Annaldas2014,
%	title={Automatic identification of malaria parasites using image processing},
%	author={Annaldas, S and Shirgan, SS and Marathe, VR},
%	journal={International Journal of Emerging Engineering Research and Technology},
%	volume={2},
%	number={4},
%	pages={107--12},
%	year={2014}
%}
%
%@article{Arco2015,
%	title = "Digital image analysis for automatic enumeration of malaria parasites using morphological operations ",
%	journal = "Expert Systems with Applications ",
%	volume = "42",
%	number = "6",
%	pages = "3041 - 3047",
%	year = "2015",
%	note = "",
%	issn = "0957-4174",
%	doi = "http://dx.doi.org/10.1016/j.eswa.2014.11.037",
%	url = "http://www.sciencedirect.com/science/article/pii/S0957417414007295",
%	author = "J.E. Arco and J.M. Gorriz and J. Ramirez and I. Alvarez and C.G. Puntonet",
%}
%
%@inproceedings{Boser1992_SVM,
%	author = {Boser, Bernhard E. and Guyon, Isabelle M. and Vapnik, Vladimir N.},
%	title = {A Training Algorithm for Optimal Margin Classifiers},
%	booktitle = {Proceedings of the Fifth Annual Workshop on Computational Learning Theory},
%	series = {COLT '92},
%	year = {1992},
%	isbn = {0-89791-497-X},
%	location = {Pittsburgh, Pennsylvania, USA},
%	pages = {144--152},
%	numpages = {9},
%	url = {http://doi.acm.org/10.1145/130385.130401},
%	doi = {10.1145/130385.130401},
%	acmid = {130401},
%	publisher = {ACM},
%	address = {New York, NY, USA},
%}
%
%@inproceedings{Cesario2012,
%	title={Mobile support for diagnosis of communicable diseases in remote locations},
%	author={Cesario, Manuel and Lundon, Michael and Luz, Saturnino and Masoodian, Masood and Rogers, Bill},
%	booktitle={Proceedings of the 13th International Conference of the NZ Chapter of the ACM's Special Interest Group on Human-Computer Interaction},
%	pages={25--28},
%	year={2012},
%	organization={ACM}
%}
%
%@ARTICLE{Chen2012,
%	author={Chen, S. and Zhao, M. and Wu, G. and Yao, C. and Zhang, J.},
%	title={Recent advances in morphological cell image analysis},
%	journal={Computational and Mathematical Methods in Medicine},
%	year={2012},
%	volume={2012},
%	doi={10.1155/2012/101536},
%	art_number={101536},
%	note={cited By 47},
%	url={https://www.scopus.com/inward/record.uri?eid=2-s2.0-84856368490&doi=10.1155%2f2012%2f101536&partnerID=40&md5=aecedaede4ed4b916e73220d88dbf2e9},
%	document_type={Review},
%	source={Scopus},
%}
%
%
%@Article{Cortes1995_SVM,
%	author="Cortes, Corinna
%	and Vapnik, Vladimir",
%	title="Support-vector networks",
%	journal="Machine Learning",
%	year="1995",
%	volume="20",
%	number="3",
%	pages="273--297",
%	abstract="Thesupport-vector network is a new learning machine for two-group classification problems. The machine conceptually implements the following idea: input vectors are non-linearly mapped to a very high-dimension feature space. In this feature space a linear decision surface is constructed. Special properties of the decision surface ensures high generalization ability of the learning machine. The idea behind the support-vector network was previously implemented for the restricted case where the training data can be separated without errors. We here extend this result to non-separable training data.",
%	issn="1573-0565",
%	doi="10.1007/BF00994018",
%	url="http://dx.doi.org/10.1007/BF00994018"
%}
%
%@inproceedings{Das2011,
%	title={Probabilistic prediction of malaria using morphological and textural information},
%	author={Das, Devkumar and Ghosh, Madhumala and Chakraborty, Chandan and Maiti, Ashok K and Pal, Mallika},
%	booktitle={Image Information Processing (ICIIP), 2011 International Conference on},
%	pages={1--6},
%	year={2011},
%	organization={IEEE}
%}
%
%@article{Das2012,
%	title={Textural pattern classification of microscopic images for malaria screening},
%	author={Das, Dev Kumar and Maiti, Asok Kumar and Chakraborty, Chandan},
%	journal={Advances in Therapeutic Engineering},
%	pages={419--446},
%	year={2012},
%	publisher={CRC Press}
%}
%
%@article{Das2013,
%	title = "Machine learning approach for automated screening of malaria parasite using light microscopic images ",
%	journal = "Micron ",
%	volume = "45",
%	number = "",
%	pages = "97 - 106",
%	year = "2013",
%	note = "",
%	issn = "0968-4328",
%	doi = "https://doi.org/10.1016/j.micron.2012.11.002",
%	url = "http://www.sciencedirect.com/science/article/pii/S0968432812002594",
%	author = "Dev Kumar Das and Madhumala Ghosh and Mallika Pal and Asok K. Maiti and Chandan Chakraborty",
%	keywords = "Malaria parasite",
%	keywords = "Erythrocyte",
%	keywords = "Texture",
%	keywords = "Bayesian classifier",
%	keywords = "Machine learning "
%}
%
%@article{Das2015,
%	title={Computational microscopic imaging for malaria parasite detection: a systematic review},
%	author={Das, DK and Mukherjee, R and Chakraborty, C},
%	journal={Journal of microscopy},
%	volume={260},
%	number={1},
%	pages={1--19},
%	year={2015},
%	publisher={Wiley Online Library}
%}
%
%@article{DiRuberto2002,
%	title = "Analysis of infected blood cell images using morphological operators ",
%	journal = "Image and Vision Computing ",
%	volume = "20",
%	number = "2",
%	pages = "133 - 146",
%	year = "2002",
%	note = "",
%	issn = "0262-8856",
%	doi = "https://doi.org/10.1016/S0262-8856(01)00092-0",
%	url = "http://www.sciencedirect.com/science/article/pii/S0262885601000920",
%	author = "Cecilia Di Ruberto and Andrew Dempster and Shahid Khan and Bill Jarra",
%	keywords = "Granulometry",
%	keywords = "Regional extrema",
%	keywords = "Blood image segmentation",
%	keywords = "Skeleton",
%	keywords = "Colour retrieval "
%}
%
%@INPROCEEDINGS{Elter2011,
%	author={M. Elter and E. Ha{\ss}lmeyer and T. Zerfa{\ss}},
%	booktitle={2011 Annual International Conference of the IEEE Engineering in Medicine and Biology Society},
%	title={Detection of malaria parasites in thick blood films},
%	year={2011},
%	pages={5140-5144},
%	keywords={blood;cellular biophysics;diseases;medical image processing;microorganisms;World Health Organization;automated microscopy;automatic plasmodia detection;computer-aided malaria screening;detection sensitivity;malaria diagnosis;malaria parasite detection;stained blood film;thick blood films;two-stage algorithm;Blood;Detection algorithms;Diseases;Feature extraction;Microscopy;Sensitivity;Training;Algorithms;Erythrocytes;Humans;Image Enhancement;Image Interpretation, Computer-Assisted;Malaria, Falciparum;Microscopy;Pattern Recognition, Automated;Plasmodium falciparum;Reproducibility of Results;Sensitivity and Specificity},
%	doi={10.1109/IEMBS.2011.6091273},
%	ISSN={1094-687X},
%	month={Aug},
%}
%
%@CONFERENCE{Fang2011,
%	author={Fang, Y. and Xiong, W. and Lin, W. and Chen, Z.},
%	title={Unsupervised malaria parasite detection based on phase spectrum},
%	journal={Proceedings of the Annual International Conference of the IEEE Engineering in Medicine and Biology Society, EMBS},
%	year={2011},
%	pages={7997-8000},
%	doi={10.1109/IEMBS.2011.6091972},
%	art_number={6091972},
%	note={cited By 1},
%	url={https://www.scopus.com/inward/record.uri?eid=2-s2.0-84055213173&doi=10.1109%2fIEMBS.2011.6091972&partnerID=40&md5=5accac6e2e91b9fda60b39213cc66960},
%	document_type={Conference Paper},
%	source={Scopus},
%}
%
%@article{Galloway1975,
%		title={Texture analysis using gray level run lengths},
%		author={Galloway, M.M.},
%		pages={172-179},
%		year={1975}
%}
%
%@book{Giardina1988,
%	author = {Giardina, Charles R. and Dougherty, Edward R.},
%	title = {Morphological Methods in Image and Signal Processing},
%	year = {1988},
%	isbn = {0-13-601295-7},
%	publisher = {Prentice-Hall, Inc.},
%	address = {Upper Saddle River, NJ, USA},
%} 	
%
%@INPROCEEDINGS{Ghosh2011,
%	author={M. Ghosh and D. Das and C. Chakraborty and A. K. Ray},
%	booktitle={2011 International Conference on Image Information Processing},
%	title={Plasmodium vivax segmentation using modified fuzzy divergence},
%	year={2011},
%	pages={1-5},
%	keywords={diseases;fuzzy set theory;image segmentation;medical expert systems;medical image processing;Cauchy membership function;Plasmodium vivax detection;Plasmodium vivax segmentation;blood film;design protocol;divergence based threshold selection;erythrocytes;fuzzy divergence based segmentation;malaria parasite segmentation;microscopic image;modified fuzzy divergence algorithm;vivax infected region;Biomedical imaging;Blood;Diseases;Image color analysis;Image segmentation;Information processing;Microscopy;formatting;insert;style;styling},
%	doi={10.1109/ICIIP.2011.6108873},
%	month={Nov},}
%
%@Article{Geurts2006,
%	author="Geurts, Pierre
%	and Ernst, Damien
%	and Wehenkel, Louis",
%	title="Extremely randomized trees",
%	journal="Machine Learning",
%	year="2006",
%	volume="63",
%	number="1",
%	pages="3--42",
%	abstract="This paper proposes a new tree-based ensemble method for supervised classification and regression problems. It essentially consists of randomizing strongly both attribute and cut-point choice while splitting a tree node. In the extreme case, it builds totally randomized trees whose structures are independent of the output values of the learning sample. The strength of the randomization can be tuned to problem specifics by the appropriate choice of a parameter. We evaluate the robustness of the default choice of this parameter, and we also provide insight on how to adjust it in particular situations. Besides accuracy, the main strength of the resulting algorithm is computational efficiency. A bias/variance analysis of the Extra-Trees algorithm is also provided as well as a geometrical and a kernel characterization of the models induced.",
%	issn="1573-0565",
%	doi="10.1007/s10994-006-6226-1",
%	url="http://dx.doi.org/10.1007/s10994-006-6226-1"
%}
%
%@inproceedings{Huang1997,
%	title={Image indexing using color correlograms},
%	author={Huang, Jing and Kumar, S Ravi and Mitra, Mandar and Zhu, Wei-Jing and Zabih, Ramin},
%	booktitle={Computer Vision and Pattern Recognition, 1997. Proceedings., 1997 IEEE Computer Society Conference on},
%	pages={762--768},
%	year={1997},
%	organization={IEEE}
%}
%
%@article{Jayavani2014,
%	title={Statistical classification in machine intellegent},
%	author={Jayavani, K},
%	journal={ISRJournals and Publications},
%	volume={1},
%	number={1},
%	year={2014}
%}
%
%@inproceedings{Jiang2009,
%	author={Jiang,X.},
%	editor={ },
%	year={2009},
%	title={Feature extraction for image recognition and computer vision},
%	booktitle={Proceedings - 2009 2nd IEEE International Conference on Computer Science and Information Technology, ICCSIT 2009},
%	pages={1-15},
%	language={English},
%	url={www.scopus.com},
%}
%
%@INPROCEEDINGS{John1995_Bayes,
%	author = {George John and Pat Langley},
%	title = {Estimating Continuous Distributions in Bayesian Classifiers},
%	booktitle = {In Proceedings of the Eleventh Conference on Uncertainty in Artificial Intelligence},
%	year = {1995},
%	pages = {338--345},
%	publisher = {Morgan Kaufmann}
%}
%
%@CONFERENCE{Kareem2011,
%	author={Kareem, S. and Morling, R.C.S. and Kale, I.},
%	title={A novel method to count the red blood cells in thin blood films},
%	journal={Proceedings - IEEE International Symposium on Circuits and Systems},
%	year={2011},
%	pages={1021-1024},
%	doi={10.1109/ISCAS.2011.5937742},
%	art_number={5937742},
%	note={cited By 6},
%	url={https://www.scopus.com/inward/record.uri?eid=2-s2.0-79960862217&doi=10.1109%2fISCAS.2011.5937742&partnerID=40&md5=267cbdfd76ef9f8eab6dd6797d934e34},
%	document_type={Conference Paper},
%	source={Scopus},
%}
%
%@CONFERENCE{Kareem2012,
%	author={Kareem, S. and Kale, I. and Morling, R.C.S.},
%	title={Automated P.falciparum detection system for post-treatment malaria diagnosis using modified annular ring ratio method},
%	journal={Proceedings - 2012 14th International Conference on Modelling and Simulation, UKSim 2012},
%	year={2012},
%	pages={432-436},
%	doi={10.1109/UKSim.2012.108},
%	art_number={6205486},
%	note={cited By 5},
%	url={https://www.scopus.com/inward/record.uri?eid=2-s2.0-84863084207&doi=10.1109%2fUKSim.2012.108&partnerID=40&md5=587ed56746f5250173191ee36a4cb830},
%	document_type={Conference Paper},
%	source={Scopus},
%}
%
%@article{Kaur2013,
%	title={Applications of Mathematical Morphology in Image Processing: A Review 1},
%	author={Kaur, Beant and Kaur, Sangeet Pal},
%	year={2013},
%	publisher={Citeseer}
%}
%
%@article{Khan2011,
%	title={Content based image retrieval approaches for detection of malarial parasite in blood images},
%	author={Khan, Mohammad Imroze and Acharya, Bhibhudendra and Singh, Bikesh Kumar and Soni, Jigyasa},
%	journal={International Journal of Biometrics and Bioinformatics (IJBB)},
%	volume={5},
%	number={2},
%	pages={97},
%	year={2011},
%	publisher={Citeseer}
%}
%
%@INPROCEEDINGS{Khan2014,
%	author={N. A. Khan and H. Pervaz and A. K. Latif and A. Musharraf and Saniya},
%	booktitle={2014 11th International Joint Conference on Computer Science and Software Engineering (JCSSE)},
%	title={Unsupervised identification of malaria parasites using computer vision},
%	year={2014},
%	pages={263-267},
%	keywords={biology computing;computer vision;diseases;image segmentation;medical image processing;pattern clustering;unsupervised learning;K-means clustering;anopheles mosquitoes;clinical diagnosis;computer vision;fatal tropical disease;laboratory diagnosis;light microscopy image;malaria parasite tissue;pixel based approach;plasmodium species;segmentation;unsupervised identification;Computer Vision;Malaria parasite detection;unsupervised identification},
%	doi={10.1109/JCSSE.2014.6841878},
%	month={May},
%}
%
%@article{Linder2014,
%	author={Linder,N. and Turkki,R. and Walliander,M. and M\r{a}rtensson,A. and Diwan,V. and Rahtu,E. and Pietik{\"a}inen,M. and Lundin,M. and Lundin,J.},
%	year={2014},
%	title={A malaria diagnostic tool based on computer vision screening and visualization of Plasmodium falciparum candidate areas in digitized blood smears},
%	journal={PLoS ONE},
%	volume={9},
%	number={8},
%	language={English},
%	url={www.scopus.com},
%}
%
%@article{Maity2012,
%	author = {Maitreya Maity and Ashok K. Maity and Pranab K. Dutta and Chandan Chakraborty},
%	title = {Article: A Web-accessible Framework for Automated Storage with Compression and Textural Classification of Malaria Parasite Images},
%	journal = {International Journal of Computer Applications},
%	year = {2012},
%	volume = {52},
%	number = {15},
%	pages = {31-39},
%	month = {August},
%	note = {Full text available}
%}
%@INPROCEEDINGS{Malihi2013,
%	author={L. Malihi and K. Ansari-Asl and A. Behbahani},
%	booktitle={2013 8th Iranian Conference on Machine Vision and Image Processing (MVIP)},
%	title={Malaria parasite detection in giemsa-stained blood cell images},
%	year={2013},
%	pages={360-365},
%	keywords={diseases;feature extraction;image classification;image colour analysis;image enhancement;medical image processing;support vector machines;1-NN classifier;Fisher classifier;K nearest neighbors classifier;KNN;Malaria parasite detection;NM;SVM;blood samples;color histogram;feature extraction;flat texture features;giemsa-stained blood cell images;gradient features;granulometry;nearest mean classifier;red blood cell mask;support vector machines;white blood cells;Diseases;Feature extraction;Histograms;Image color analysis;Red blood cells;Support vector machines;Area granulometry;Blood cell image;Fisher's linear discriminator;K nearest neighbors rule;Malaria diagnosis;Nearest Mean},
%	doi={10.1109/IranianMVIP.2013.6780011},
%	ISSN={2166-6776},
%	month={Sept},
%}
%
%@INPROCEEDINGS{Makkapati2009,
%	author={V. V. Makkapati and R. M. Rao},
%	booktitle={2009 IEEE International Conference on Acoustics, Speech and Signal Processing},
%	title={Segmentation of malaria parasites in peripheral blood smear images},
%	year={2009},
%	pages={1361-1364},
%	keywords={diseases;image colour analysis;image segmentation;medical image processing;microorganisms;patient treatment;HSV color space;disease treatment;malaria parasite detection;peripheral blood smear image segmentation;red blood cells;Asia;Automation;Cities and towns;Color;Feature extraction;Humans;Image segmentation;Microscopy;Parasitic diseases;Red blood cells;Segmentation;chromatin dot detection;malaria diagnosis},
%	doi={10.1109/ICASSP.2009.4959845},
%	ISSN={1520-6149},
%	month={April},
%}
%
%@INPROCEEDINGS{Makkapati2011,
%	author={V. V. Makkapati and R. M. Rao},
%	booktitle={2011 Annual International Conference of the IEEE Engineering in Medicine and Biology Society},
%	title={Ontology-based malaria parasite stage and species identification from peripheral blood smear images},
%	year={2011},
%	pages={6138-6141},
%	keywords={biomedical optical imaging;blood;diseases;image classification;medical image processing;ontologies (artificial intelligence);chromatin dot;cytoplasm;image processing;malaria parasite stage;microscope images;ontology-based classification;peripheral blood smear images;species identification;Blood;Diseases;Histograms;Image color analysis;Image segmentation;Morphology;Pigments;Animals;Cell Shape;Chromatin;Cytoplasm;Erythrocytes;Humans;Hydrogen-Ion Concentration;Image Processing, Computer-Assisted;Malaria;Microscopy;Models, Statistical;Plasmodium falciparum;Plasmodium malariae;Plasmodium ovale;Plasmodium vivax;Reproducibility of Results;Sensitivity and Specificity},
%	doi={10.1109/IEMBS.2011.6091516},
%	ISSN={1094-687X},
%	month={Aug},
%}
%
%@INPROCEEDINGS{Mushabe2013,
%	author={M. C. Mushabe and R. Dendere and T. S. Douglas},
%	booktitle={2013 35th Annual International Conference of the IEEE Engineering in Medicine and Biology Society (EMBC)},
%	title={Automated detection of malaria in Giemsa-stained thin blood smears},
%	year={2013},
%	pages={3698-3701},
%	keywords={Bayes methods;blood;cellular biophysics;diseases;mesh generation;patient diagnosis;Bayesian classifier;Giemsa-stained thin blood smears;RBC;RGB pixel values;boundary curvature calculations;delaunay triangulation;histogram-based thresholding;malaria detection;malaria diagnosis;microscopy-based analysis;morphological operations;parasitaemia calculation;split clumped red blood cells;time-consuming process;Classification algorithms;Diseases;Image color analysis;Microscopy;Morphological operations;Red blood cells},
%	doi={10.1109/EMBC.2013.6610346},
%	ISSN={1094-687X},
%	month={July},
%}
%
%@article{Otsu1975,
%	title={A threshold selection method from gray-level histograms},
%	author={Otsu, Nobuyuki},
%	journal={Automatica},
%	volume={11},
%	number={285-296},
%	pages={23--27},
%	year={1975}
%}
%
%@article{Pharwaha2009,
%	title={Shannon and Non-Shannon Measures of Entropy for Statistical Texture Feature Extraction in Digitized Mammograms},
%	author={Pharwaha A.P.S. and Singh, B.},
%	journal={Proceedings of World Congress on Engineering and Computer Science},
%	pages={20-22},
%	year={2009}
%}
%
%@inproceedings{Purnama2013,
%	author={Purnama,I. K. E. and Rahmanti,F. Z. and Purnomo,M. H.},
%	editor={ },
%	year={2013},
%	title={Malaria parasite identification on thick blood film using genetic programming},
%	booktitle={Proc. of 2013 3rd Int. Conf. on Instrumentation, Communications, Information Technol., and Biomedical Engineering: Science and Technol. for Improvement of Health, Safety, and Environ., ICICI-BME 2013},
%	pages={194-198},
%	language={English},
%	url={www.scopus.com},
%}
%
%@book{Quinlan1993,
%	author = {Quinlan, J. Ross},
%	title = {C4.5: Programs for Machine Learning},
%	year = {1993},
%	isbn = {1-55860-238-0},
%	publisher = {Morgan Kaufmann Publishers Inc.},
%	address = {San Francisco, CA, USA},
%}
%
%@article{Quinn2014,
%	title={Automated blood smear analysis for mobile malaria diagnosis},
%	author={Quinn, John A and Andama, Alfred and Munabi, Ian and Kiwanuka, Fred N},
%	journal={Mobile Point-of-Care Monitors and Diagnostic Device Design},
%	volume={31},
%	pages={115},
%	year={2014},
%	publisher={CRC Press}
%}
%
%@article{Rosado2016,
%	author = "Luis Rosado and Jose M. Correia da Costa and Dirk Elias and Jaime S. Cardoso",
%	title = "A review of automatic malaria parasites detection and segmentation in microscopic images",
%	journal = "Anti-Infective Agents",
%	year = "2016",
%	type = "article",
%	url = "http://www.inescporto.pt/~jsc/publications/journals/2016LRosadoAIA.pdf"
%}
%
%@Article{Ross2006,
%	author="Ross, Nicholas E.
%	and Pritchard, Charles J.
%	and Rubin, David M.
%	and Dus{\'e}, Adriano G.",
%	title="Automated image processing method for the diagnosis and classification of malaria on thin blood smears",
%	journal="Medical and Biological Engineering and Computing",
%	year="2006",
%	volume="44",
%	number="5",
%	pages="427--436",
%	abstract="Malaria is a serious global health problem, and rapid, accurate diagnosis is required to control the disease. An image processing algorithm to automate the diagnosis of malaria on thin blood smears is developed. The image classification system is designed to positively identify malaria parasites present in thin blood smears, and differentiate the species of malaria. Images are acquired using a charge-coupled device camera connected to a light microscope. Morphological and novel threshold selection techniques are used to identify erythrocytes (red blood cells) and possible parasites present on microscopic slides. Image features based on colour, texture and the geometry of the cells and parasites are generated, as well as features that make use of a priori knowledge of the classification problem and mimic features used by human technicians. A two-stage tree classifier using backpropogation feedforward neural networks distinguishes between true and false positives, and then diagnoses the species (Plasmodium falciparum, P. vivax, P. ovale or P. malariae) of the infection. Malaria samples obtained from the Department of Clinical Microbiology and Infectious Diseases at the University of the Witwatersrand Medical School are used for training and testing of the system. Infected erythrocytes are positively identified with a sensitivity of 85{\%} and a positive predictive value (PPV) of 81{\%}, which makes the method highly sensitive at diagnosing a complete sample provided many views are analysed. Species were correctly determined for 11 out of 15 samples.",
%	issn="1741-0444",
%	doi="10.1007/s11517-006-0044-2",
%	url="http://dx.doi.org/10.1007/s11517-006-0044-2"
%}
%
%@Article{Sathpathi2014,
%	author="Sathpathi, Sanghamitra
%	and Mohanty, Akshaya K.
%	and Satpathi, Parthasarathi
%	and Mishra, Saroj K.
%	and Behera, Prativa K.
%	and Patel, Goutam
%	and Dondorp, Arjen M.",
%	title="Comparing Leishman and Giemsa staining for the assessment of peripheral blood smear preparations in a malaria-endemic region in India",
%	journal="Malaria Journal",
%	year="2014",
%	volume="13",
%	number="1",
%	pages="512",
%	abstract="Microscopy of peripheral blood thin and thick films remains the reference for malaria diagnosis. Although Giemsa staining is most commonly used, the Leishman staining method provides better visualization of the nuclear chromatin pattern of cells. It is less well known whether accuracy of parasitaemia assessment is equally accurate with the latter method.",
%	issn="1475-2875",
%	doi="10.1186/1475-2875-13-512",
%	url="http://dx.doi.org/10.1186/1475-2875-13-512"
%}
%
%@ARTICLE{Sarkar1994,
%	author={N. Sarkar and B. B. Chaudhuri},
%	journal={IEEE Transactions on Systems, Man, and Cybernetics},
%	title={An efficient differential box-counting approach to compute fractal dimension of image},
%	year={1994},
%	volume={24},
%	number={1},
%	pages={115-120},
%	keywords={fractals;image segmentation;image texture;artificial textured images;classification;differential box-counting approach;fractal dimension;natural textured images;roughness;self-similarity;shape analysis;texture segmentation;Fractals;Geometry;Image segmentation;Image texture analysis;Land surface;Rough surfaces;Shape;Strips;Surface morphology;Surface roughness},
%	doi={10.1109/21.259692},
%	ISSN={0018-9472},
%	month={Jan},}
%
%@article{Savkare2011,
%	title={Automatic detection of malaria parasites for estimating parasitemia},
%	author={Savkare, SS and Narote, SP},
%	journal={International Journal of Computer Science and Security (IJCSS)},
%	volume={5},
%	number={3},
%	pages={310},
%	year={2011},
%	publisher={Citeseer}
%}
%
%@Inbook{Schapire2013,
%	author="Schapire, Robert E.",
%	editor="Sch{\"o}lkopf, Bernhard
%	and Luo, Zhiyuan
%	and Vovk, Vladimir",
%	title="Explaining AdaBoost",
%	bookTitle="Empirical Inference: Festschrift in Honor of Vladimir N. Vapnik",
%	year="2013",
%	publisher="Springer Berlin Heidelberg",
%	address="Berlin, Heidelberg",
%	pages="37--52",
%	isbn="978-3-642-41136-6",
%	doi="10.1007/978-3-642-41136-6_5",
%	url="http://dx.doi.org/10.1007/978-3-642-41136-6_5"
%}
%
%@article{Schulze1994,
%		title={Biomedical Image Processing with	Morphology-Based Nonlinear Filters},
%		author={Schulze M.A.},
%		journal={Ph.D Dissertation, University of Texas at Austin},
%		year={1994}
%}
%
%@article{Springl2009,
%	title={Automatic malaria diagnosis through microscopy imaging},
%	author={{\v{S}}pringl, V{\'\i}t},
%	journal={FACULTY OF ELECTRICAL ENGINEERING},
%	pages={128},
%	year={2009}
%}
%
@book{Soille2004,
	abstract = {From the Publisher:The purpose of this book is to provide readers with an in-depth presentation of the principles and applications of morphological image analysis. This is achieved through a step by step process starting from the basic morphological operators and extending to the most recent advances which have proven their practical usefulness. This self-contained volume will be valuable to all engineers, scientists, and practitioners interested in the analysis and processing of digital images.},
	archivePrefix = {arXiv},
	arxivId = {1011.1669},
	author = {Soille, Pierre},
	booktitle = {Morphological Image Analysis Principles and Applications},
	doi = {10.1007/978-3-662-05088-0},
	eprint = {1011.1669},
	isbn = {978-3-642-07696-1},
	issn = {09574271},
	pages = {392},
	pmid = {11847452},
	title = {{Morphological Image Analysis}},
	url = {http://link.springer.com/10.1007/978-3-662-05088-0},
	year = {2004}
}


@article{Somasekar2011,
	title={Computer vision for malaria parasite classification in erythrocytes},
	author={Somasekar, J and Reddy, BE and Reddy, EK and Lai, CH},
	journal={International Journal on Computer Science and Engineering},
	volume={3},
	number={6},
	pages={2251--2256},
	year={2011},
	publisher={Engg Journals Publications}
}

%@article{Soni2011,
%	title={Automatic difference between RBC and Malaria parasites based on morphology with frst order features using image processing},
%	author={Soni, J and Mishra, N and Kamargaonkar, C},
%	journal={Int. J. Adv. Eng. Technol},
%	volume={1},
%	pages={290--297},
%	year={2011}
%}
%
%@article{Suwanarusk2004,
%	author={Suwanarusk,R. and Cooke,B. M. and Dondorp,A. M. and Silamut,K. and Sattabongkot,J. and White,N. J. and Udomsangpetch,R.},
%	year={2004},
%	title={The Deformability of Red Blood Cells Parasitized by Plasmodium falciparum and P. vivax},
%	journal={Journal of Infectious Diseases},
%	volume={189},
%	number={2},
%	pages={190-194},
%	language={English},
%	url={www.scopus.com},
%}
%
%@CONFERENCE{Tek2006,
%	author={Tek, F.B. and Dempster, A.G. and Kale, I.},
%	title={Malaria parasite detection in peripheral blood images},
%	journal={BMVC 2006 - Proceedings of the British Machine Vision Conference 2006},
%	year={2006},
%	pages={347-356},
%	note={cited By 33},
%	url={https://www.scopus.com/inward/record.uri?eid=2-s2.0-84898037066&partnerID=40&md5=8de8d297f0bb1a59422d6097ed33ba1f},
%	document_type={Conference Paper},
%	source={Scopus},
%}
%
%@article{Tek2010,
%	title = {Parasite detection and identification for automated thin blood film malaria diagnosis},
%	journal = {Computer Vision and Image Understanding},
%	volume = {114},
%	number = {1},
%	pages = {21 - 32},
%	year = {2010},
%	note = {},
%	issn = {1077-3142},
%	doi = {http://dx.doi.org/10.1016/j.cviu.2009.08.003},
%	url = {http://www.sciencedirect.com/science/article/pii/S1077314209001234},
%	author = {F. Boray Tek and Andrew G. Dempster and İzzet Kale},
%	keywords = {Malaria diagnosis},
%	keywords = {Microscope image analysis},
%	keywords = {Blood cell image},
%	keywords = {Parasitemia},
%	keywords = {K nearest neighbour rule},
%	keywords = {Imbalanced learning},
%	keywords = {Area granulometry},
%}
%
%@misc{Theodoridis2009,
%	title={Pattern Recognition (4th edition)},
%	author={Theodoridis, S. and Koutroumbas, K},
%	year={2009},
%	publisher={Academic Press}
%}
%
%@ARTICLE{Umbaugh1997,
%	author={S. E. Umbaugh and Y. S. Wei and M. Zuke},
%	journal={IEEE Engineering in Medicine and Biology Magazine},
%	title={Feature extraction in image analysis. A program for facilitating data reduction in medical image classification},
%	year={1997},
%	volume={16},
%	number={4},
%	pages={62-73},
%	keywords={complete computer programs;data reduction;feature extraction;image classification;image colour analysis;medical image processing;vectors;CVIPtools;binary object features;color features;data reduction program;feature spaces;feature vectors;histogram features;image preprocessing;medical image analysis;medical image classification;spectral features;Colored noise;Data mining;Feature extraction;Filtering;Frequency;Image analysis;Image color analysis;Information analysis;Pixel;Robustness;Algorithms;Color;Computer Graphics;Fourier Analysis;Humans;Image Processing, Computer-Assisted;Software},
%	doi={10.1109/51.603650},
%	ISSN={0739-5175},
%	month={July},}
%
%@article {Vink2013,
%	author = {VINK, J.P. and LAUBSCHER, M. and VLUTTERS, R. and SILAMUT, K. and MAUDE, R.J. and HASAN, M.U. and DE HAAN, G.},
%	title = {An automatic vision-based malaria diagnosis system},
%	journal = {Journal of Microscopy},
%	volume = {250},
%	number = {3},
%	issn = {1365-2818},
%	url = {http://dx.doi.org/10.1111/jmi.12032},
%	doi = {10.1111/jmi.12032},
%	pages = {166--178},
%	keywords = {Computer aided diagnosis, fluorescent microscopy, image analysis, malaria parasites, Plasmodium falciparum, supervised learning},
%	year = {2013},
%}
%
%
%@article{Yunda2012,
%	title={Automated image analysis method for p-vivax malaria parasite detection in thick film blood images},
%	author={Yunda, Leonardo and Alarc{\'o}n, Andr{\'e}s and Mill{\'a}n, Jorge},
%	journal={Sistemas \& Telem{\'a}tica},
%	volume={10},
%	number={20},
%	pages={9--25},
%	year={2012}
%}
%
%@inproceedings{Zou2010,
%	author = {Zou, Li-hui and Chen, Jie and Zhang, Juan and Garcia, Narciso},
%	title = {Malaria Cell Counting Diagnosis Within Large Field of View},
%	booktitle = {Proceedings of the 2010 International Conference on Digital Image Computing: Techniques and Applications},
%	series = {DICTA '10},
%	year = {2010},
%	isbn = {978-0-7695-4271-3},
%	pages = {172--177},
%	numpages = {6},
%	url = {http://dx.doi.org/10.1109/DICTA.2010.40},
%	doi = {10.1109/DICTA.2010.40},
%	acmid = {1933089},
%	publisher = {IEEE Computer Society},
%	address = {Washington, DC, USA},
%	keywords = {malaria diagnosis, cell counting, image mosaicing, Circle Hough Transform},
%}
%
% @misc{wiki_geneticProgramming,
%	author = "Wikipedia",
%	title = "Genetic programming --- Wikipedia{,} The Free Encyclopedia",
%	year = "2017",
%	url = "\url{https://en.wikipedia.org/w/index.php?title=Genetic_programming&oldid=771025233}",
%	note = "[Online; accessed 29-June-2017]"
%}

@INPROCEEDINGS{Loddo2016,
	author={A. Loddo and L. Putzu and C. D. Ruberto and G. Fenu},
	booktitle={2016 12th International Conference on Signal-Image Technology Internet-Based Systems (SITIS)},
	title={A Computer-Aided System for Differential Count from Peripheral Blood Cell Images},
	year={2016},
	pages={112-118},
	keywords={automatic optical inspection;blood;cellular biophysics;decision support systems;medical image processing;patient care;RBC detection;WBC detection;WBC identification;automated blood cell analysis;blood cell classification;blood smear images;clinical decision support system;computer-aided system;differential counting;erythrocytes;human visual inspection;leukocytes;light microscope;microscope images;operator capabilities;peripheral blood cell images;platelets;tiredness;Blood;Bones;Diseases;Image color analysis;Image segmentation;Microscopy;Shape;Automatic cell detection;Cell analysis;Cell count;Medical image processing},
	doi={10.1109/SITIS.2016.26},
	month={Nov},}

%
%
%
%
%
%
%@COMMENT WBCs related articles:
%
%@article{Alilou,
%	 author={M. Alilou and V. Kovalev},
%	 title= {Automatic object detection and segmentation of the histocytology images using reshapable agents},
%	 journal={Image Analysis and Stereology},
%	 volume={32},
%	 number={2},
%	 pages={89-99},
%	 year={2013},
%}
%	
%@article{Alomari,
%  title={Automatic detection and quantification of WBCs and RBCs using iterative structured circle detection algorithm},
%  author={Alomari, Yazan M and Sheikh Abdullah, Siti Norul Huda and Zaharatul Azma, Raja and Omar, Khairuddin},
%  journal={Computational and mathematical methods in medicine},
%  volume={2014},
%  year={2014},
%  publisher={Hindawi Publishing Corporation}
%}
%	
%@incollection{Ameling,
%	author={S. Ameling and S. Wirth and D. Paulus and G. Lacey and F. Vilarino},
%	title={Texture-Based Polyp Detection in Colonoscopy},
%	booktitle={Bildverarbeitung für die Medizin 2009},
%	series={Informatik aktuell},
%	editor={Meinzer, Hans-Peter and Deserno, ThomasMartin and Handels, Heinz and Tolxdorff, Thomas},
%	publisher={Springer Berlin Heidelberg},
%	pages={346-350},
%	year={2009},
%}
%
%@inproceedings{Angulo,
%	author={J. Angulo and J. Serra},
%	title={Morphological color size distributions for image classification and retrieval},
%	booktitle={International Conference on Advanced Concepts for Intelligent Vision Systems},
%	pages={46-53},
%	year={2002}
%}
%
%@article{Arevalo,
%	author = "J. Arevalo and A. Cruz-Roa and  V. Arias and E. Romero and F. A. González",
%	title = "An unsupervised feature learning framework for basal cell carcinoma image analysis ",
%	journal = "Artificial Intelligence in Medicine ",
%	volume = "64",
%	number = "2",
%	pages = "131-145",
%	year = "2015",
%	issn = "0933-3657",
%	doi = "http://dx.doi.org/10.1016/j.artmed.2015.04.004",
%}
%
%
%@article{Atan,
%	author = "K. T. Atanassov",
%	title = "Intuitionistic fuzzy sets ",
%	journal = "Fuzzy Sets and Systems ",
%	volume = "20",
%	number = "1",
%	pages = "87-96",
%	year = "1986",
%}
%
%@incollection{Bay,
%	author={H. Bay and T. Tuytelaars and L. Van Gool},
%	title={SURF: Speeded Up Robust Features},
%	booktitle={ECCV European Conference on Computer Vision},
%	volume={3951},
%	series={Lecture Notes in Computer Science},
%	publisher={Springer Berlin Heidelberg},
%	pages={404-417},
%	year={2006},
%}
%
%@article{Bels,
%	author={A. D. Belsare and M. M. Mushrif},
%	title={Histopathological image analysis using image processing techniques: An overview},
%	journal={Signal \& Image Processing},
%	volume={3},
%	number={4},
%	pages={23},
%	year={2012},
%}
%
%@article{Benco,
%	author={M. Ben{\v{c}}o and R. Hudec},
%	title={Novel method for color textures features extraction based on GLCM},
%	journal={Radioengineering},
%	volume={4},
%	number={16},
%	pages={64-67},
%	year={2007},
%}
%
%@article {Bennett,
%	author = {J. M. Bennett and  D. Catovsky and D. Marie-Theregse and G. Flandrin and D. A. G. Galton and H. R. Gralnick and C. Sultan},
%	title = {Proposals for the Classification of the Acute Leukaemias French-American-British ({FAB}) Co-operative Group},
%	journal = {British Journal of Haematology},
%	volume = {33},
%	number = {4},
%	publisher = {Blackwell Publishing Ltd},
%	pages = {451-458},
%	year = {1976},
%}
%
%@INPROCEEDINGS{Berge,
%	author={H. Berge and D. Taylor and S. Krishnan and T. S. Douglas},
%	title={Improved red blood cell counting in thin blood smears},
%	booktitle={IEEE International Symposium on Biomedical Imaging: From Nano to Macro},
%	year={2011},
%	pages={204-207},
%	month={March},
%}
%
%@article{Bhatt,
%	author={S. Bhattacharjee and J. Mukherjee and S. Nag and I. K. Maitra and S. K. Bandyopadhyay},
%	title={Review on Histopathological Slide Analysis using Digital Microscopy},
%	journal={International Journal of Advanced Science and Technology},
%	volume={62},
%	pages={65-96},
%	year={2014},
%}
%
%@article {Biondi,
%	author = {A. Biondi and G. Cimino and R. Pieters and C.-H. Pui},
%	title = {Biological and therapeutic aspects of infant leukemia},
%	journal = {Blood},
%	publisher = {American Society of Hematology},
%	volume = {96},
%	number = {1},
%	pages = {24-33},
%	year = {2000},
%}
%
%@INPROCEEDINGS{Buavirat,
%	author = {S. Buavirat and C. Srisa-an},
%	title = {Classification for acute Lymphocytic Leukemia using Feature Extraction and Neural Networks in White Blood Cell Stained Images},
%	year = {2008},
%}
%
%@INPROCEEDINGS{Busin,
%	author={L. Busin and N. Vandenbroucke and L. Macaire and J. G. Postaire},
%	title={Color space selection for unsupervised color image segmentation by histogram multithresholding},
%	booktitle={International Conference on Image Processing},
%      volume = {4},
%	year={2004},
%	pages={203-206},
%	month={October},
%}
%
%@article{Caflisch,
%	author={R. E. Caflisch},
%	title={Monte carlo and quasi-monte carlo methods},
%	journal={Acta numerica},
%	volume={7},
%	pages={1--49},
%	year={1998},
%	publisher={Cambridge Univ Press}
%}
%
%@ARTICLE{Canny,
%author={J. Canny},
%title={A Computational Approach to Edge Detection},
%journal={IEEE Transactions on Pattern Analysis and Machine Intelligence},
%year={1986},
%volume={PAMI-8},
%number={6},
%pages={679-698},
%month={Nov},
%doi={10.1109/TPAMI.1986.4767851},
%ISSN={0162-8828},
%}
%
%@article{Cha03,
%	 author = {T. Chaira and A. K. Ray},
%	 title = {Segmentation Using Fuzzy Divergence},
%	 journal = {Pattern Recognition Letters},
%	 publisher = {Elsevier Science Inc.},
%	 volume = {24},
%	 number = {12},
%	 month = {Aug},
%	 year = {2003},
%	 pages = {1837-1844},
%	 issn = {0167-8655},
%	 doi = {10.1016/S0167-8655(03)00007-2},
%}
%
%@ARTICLE{Cha10,
%	author={T. Chaira},
%	title={Intuitionistic Fuzzy Segmentation of Medical Images},
%	journal={IEEE Transactions on Biomedical Engineering},
%	year={2010},
%	volume={57},
%	number={6},
%	pages={1430-1436},
%	doi={10.1109/TBME.2010.2041000},
%	ISSN={0018-9294},
%	month={June},
%}
%
%@article{Cheewatanon,
%	author={J. Cheewatanon and T. Leauhatong and S. Airpaiboon and M. Sangwarasilp},
%	title={A new white blood cell segmentation using mean shift filter and region growing algorithm},
%	journal={International Journal of applied biomedical engineering},
%	volume={4},
%	number={1},
%	pages={30-35},
%	year={2011},
%}
%
%@INPROCEEDINGS{Chen,
%	author={S. Chen and C. Wu and D. Chen and W. Tan},
%	title={Scene classification based on gray level-gradient co-occurrence matrix in the neighborhood of interest points},
%	booktitle={IEEE International Conference ICIS on Intelligent Computing and Intelligent Systems},
%	year={2009},
%	volume={4},
%	pages={482-485},
%	doi={10.1109/ICICISYS.2009.5357627},
%	month={Nov},
%}
%
%@book{Ciesla,
%	author={B. Ciesla},
%	title={Hematology in practice},
%	year={2011},
%	publisher={FA Davis}
%}
%
%@article{Clausi,
%	author = {D. A. Clausi},
%	title = {An analysis of co-occurrence texture statistics as a function of grey level quantization},
%	journal = {Canadian Journal of Remote Sensing},
%	volume = {28},
%	number = {1},
%	pages = {45-62},
%	year = {2002},
%	doi = {10.5589/m02-004},
%}
%
%@article{Conners,
%	author={R. W. Conners and C. A. Harlow},
%	title={A theoretical comparison of texture algorithms},
%	journal={IEEE Transactions on Pattern Analysis and Machine Intelligence},
%	volume={PAMI-2},
%	number={3},
%	pages={204-222},
%	year={1980},
%	month={May},
%	doi={10.1109/TPAMI.1980.4767008},
%	ISSN={0162-8828},
%}
%
%@article{Cooper,
%	author = "L. Cooper and O. Sertel and J. Kong and G. Lozanski and K. Huang and M. Gurcan",
%	title = "Feature-based registration of histopathology images with different stains: An application for computerized follicular lymphoma prognosis ",
%	journal = "Computer Methods and Programs in Biomedicine ",
%	volume = "96",
%	number = "3",
%	pages = "182-192",
%	year = "2009",
%	issn = "0169-2607",
%	doi = "http://dx.doi.org/10.1016/j.cmpb.2009.04.012",
%}
%
%@INPROCEEDINGS{Coulter,
%	author={W. H. Coulter},
%	title={ High speed automatic blood cell counter and cell size analyzer},
%	booktitle={National Conference on Electronics},
%	year={1956},
%	pages={1034-1040},
%	month={October},
%}
%
%@article{Cover,
%	author={T. M. Cover and P. E. Hart},
%	title={Nearest neighbor pattern classification},
%	journal={IEEE Transactions on Information Theory},
%	volume={13},
%	number={1},
%	pages={21-27},
%	year={1967},
%}
%
%@article{CruzRoa,
%	author = "A. Cruz-Roa and J. C. Caicedo and F. A. González",
%	title = "Visual pattern mining in histology image collections using bag of features ",
%	journal = "Artificial Intelligence in Medicine ",
%	volume = "52",
%	number = "2",
%	pages = "91-106",
%	year = "2011",
%	issn = "0933-3657",
%	doi = "http://dx.doi.org/10.1016/j.artmed.2011.04.010",
%}
%
%@inproceedings{Cseke,
%	author={I. Cseke},
%	title={A fast segmentation scheme for white blood cell images},
%	booktitle={IAPR International Conference on Pattern Recognition. Vol. III: Image, Speech and Signal Analysis},
%	pages={530-533},
%	year={1992},
%}
%
%@INPROCEEDINGS{Dalal,
%	author={N. Dalal and B. Triggs},
%	title={Histograms of oriented gradients for human detection},
%	booktitle={IEEE Computer Society Conference CVPR on Computer Vision and Pattern Recognition},
%	year={2005},
%	volume={1},
%	pages={886-893 vol. 1},
%	doi={10.1109/CVPR.2005.177},
%	ISSN={1063-6919},
%	month={June},
%}
%
%@article{Deore,
%	author={S. G. Deore and N. Nemade},
%	title={Image Analysis Framework for Automatic Extraction of the Progress of an Infection},
%	journal={International Journal of Advanced Research in Computer Science and Software Engineering},
%	volume={3},
%	number={6},
%	pages={703-707},
%	year={2013},
%}
%
%@article{Diaz,
%	author={G. D{\'\i}az and A. Manzanera},
%	title={Automatic Analysis of Microscopic Images in Hematological Cytology Applications},
%	journal={Biomedical Image Analysis and Machine Learning Technologies: Applications and Techniques},
%	pages={167},
%	year={2009},
%	publisher={IGI Global},
%}
%
%@INPROCEEDINGS{DiR,
%	author={C. {Di Ruberto} and A. Dempster and S. Khan and B. Jarra},
%	title={Automatic thresholding of infected blood images using granulometry and regional extrema},
%	booktitle={International Conference on Pattern Recognition},
%	year={2000},
%	volume={3},
%	pages={441-444 vol.3},
%	doi={10.1109/ICPR.2000.903579},
%	ISSN={1051-4651},
%}
%
%@INPROCEEDINGS{Donida,
%	author={R. Donida Labati and V. Piuri and F. Scotti},
%	title={All-IDB: The acute lymphoblastic leukemia image database for image processing},
%	booktitle={IEEE ICIP International Conference on Image Processing},
%	year={2011},
%	pages={2045-2048},
%	doi={10.1109/ICIP.2011.6115881},
%	ISSN={1522-4880},
%	month={Sept},
%}
%
%@INPROCEEDINGS{Doyle,
%	author={S. Doyle and  S. Agner and A. Madabhushi and M. Feldman and J. Tomaszewski},
%	title={Automated grading of breast cancer histopathology using spectral clustering with textural and architectural image features},
%	booktitle={IEEE ISBI International Symposium on Biomedical Imaging: From Nano to Macro},
%	year={2008},
%	pages={496-499},
%	doi={10.1109/ISBI.2008.4541041},
%	month={May},
%}
%
%@article{DosSantos,
%	author = "F. L. C. dos Santos and M. Paci and L. Nanni and S. Brahna and J. Hyttinen",
%	title = "Computer vision for virus image classification ",
%	journal = "Biosystems Engineering ",
%	volume = "138",
%	pages = "11-22",
%	year = "2015",
%	note = "Innovations in Medicine and Healthcare ",
%	issn = "1537-5110",
%	doi = "http://dx.doi.org/10.1016/j.biosystemseng.2015.01.005",
%}
%
%@book{Duda,
%	author={R. O. Duda and P. E. Hart},
%	title={Pattern classification and scene analysis},
%	volume={3},
%	year={1973},
%	publisher={Wiley New York}
%}
%
%@book{Erhabor,
%	author={O. Erhabor and T. C. Adias},
% 	title={Hematology made easy},
%	year={2013},
%  	publisher={AuthorHouse},
%  	isbn = "978-1-4772-4652-8",
%}
%
%
%@article{Foran,
%	author={D. J. Foran and D. Comaniciu and P. Meer and L. Goodell},
%  	title={Computer-assisted discrimination among malignant lymphomas and leukemia using immunophenotyping, intelligent image repositories, and telemicroscopy},
%	journal={IEEE Transactions on Information Technology in Biomedicine},
%  	volume={4},
%  	number={4},
%  	pages={265-273},
%  	year={2000},
%}
%
%@ARTICLE{Fukunaga,
%	author={K. Fukunaga and L. Hostetler},
%	title={The estimation of the gradient of a density function, with applications in pattern recognition},
%	journal={IEEE Transactions on Information Theory},
%	year={1975},
%	volume={21},
%	number={1},
%	pages={32-40},
%	doi={10.1109/TIT.1975.1055330},
%	ISSN={0018-9448},
%	month={Jan},
%}
%
%@incollection{Garibotto,
%	author={G. Garibotto and P. Murrieri and A. Capra and S. {De Muro} and U. Petillo and F. Flammini and M. Esposito and C. Pragliola and G. {Di Leo} and R. Lengu and N. Mazzino and A. Paolillo and M. {D'Urso} and R. Vertucci and F. Narducci and S. Ricciardi and A. Casanova and G. Fenu and M. {De Mizio} and M. Savastano and M. {Di Capua} and A. Ferone},
%	title={White Paper on Industrial Applications of Computer Vision and Pattern Recognition},
%	booktitle={ICIAP International Conference on Image Analysis and Processing},
%	series={Lecture Notes in Computer Science},
%	publisher={Springer Berlin Heidelberg},
%	volume={8156},
%	pages={721-730},
%	year={2013},
%}
%
%@article{Gelz,
%		author = "A. Gelzinis and A. Verikas and M. Bacauskiene",
%	title = "Increasing the discrimination power of the co-occurrence matrix-based features ",
%	journal = "Pattern Recognition ",
%	volume = "40",
%	number = "9",
%	pages = "2367-2372",
%	year = "2007",
%	issn = "0031-3203",
%	doi = "http://dx.doi.org/10.1016/j.patcog.2006.12.004",
%}
%
%@ARTICLE{Gong,
% 	author = {R. Gong and H. Wang},
%    	title = "{Steganalysis for GIF images based on colors-gradient co-occurrence matrix}",
%  	journal = {Optics Communications},
%      year = {2012},
%    	month = {nov},
%   	volume = {285},
%    	pages = {4961-4965},
%}
%
%@BOOK{GonzMAT,
%  	author =       "R. C. Gonzalez and R. E. Woods and S. L. Eddins",
%  	title =        "Digital Image Processing Using MATLAB",
%  	publisher =    "Pearson Prentice Hall Pearson Education",
%  	year =         "2004",
%  	address =      "New Jersey, USA",
%  	edition =      "1st",
%}
%
%@book{Gonz,
%  	author={R. C. Gonzalez and R. E. Woods},
%  	title={Digital image processing },
%  	publisher={Pearson Prentice Hall Pearson Education},
%  	year={2007},
%    	edition ={3rd},
%}
%
%@article{GonzRuf,
%	author = "E. González-Rufino and P. Carrión and E. Cernadas and M. Fernández-Delgado and R. Domínguez-Petit",
%	title = "Exhaustive comparison of colour texture features and classification methods to discriminate cells categories in histological images of fish ovary ",
%	journal = "Pattern Recognition ",
%	volume = "46",
%	number = "9",
%	pages = "2391 - 2407",
%	year = "2013",
%	issn = "0031-3203",
%	doi = "http://dx.doi.org/10.1016/j.patcog.2013.02.009",
%}
%
%@article{Guill,
%	author = "M. Guillaud and K. Adler-Storthz and A. Malpica and G. Staerkel and J. Matisic and D. Van Niekirk and D. Cox and N. Poulin and M. Follen and C. MacAulay",
%	title = "Subvisual chromatin changes in cervical epithelium measured by texture image analysis and correlated with {HPV}",
%	journal = "Gynecologic Oncology ",
%	volume = "99",
%	number = "3, Supplement",
%	pages = "S16 - S23",
%	year = "2005",
%	issn = "0090-8258",
%	doi = "http://dx.doi.org/10.1016/j.ygyno.2005.07.037",
%}
%
%@ARTICLE{Gurcan,
%	author={M. N. Gurcan and L. E. Boucheron and A. Can and A. Madabhushi and N. M. Rajpoot and B. Yener},
%	title={Histopathological Image Analysis: A Review},
%	journal={IEEE Reviews in Biomedical Engineering},
%	year={2009},
%	volume={2},
%	pages={147-171},
%	doi={10.1109/RBME.2009.2034865},
%	ISSN={1937-3333},
%}
%
%@article{Halim,
%  	author={N. H. A. Halim and M. Y. Mashor and R. Hassan},
%  	title={Automatic blasts counting for acute leukemia based on blood samples},
%  	journal={International Journal of Research and Reviews in Computer Science},
%  	volume={2},
%  	number = {4},
%  	year={2011},
%  	ISSN={2079-2557},
%}
%
%@ARTICLE{Haralick1973,
%	author={R. M. Haralick and K. Shanmugam and I. H. Dinstein},
%	title={Textural Features for Image Classification},
%	journal={IEEE Transactions on Systems, Man and Cybernetics},
%	volume={SMC-3},
%	number={6},
%	pages={610-621},
%	year={1973},
%}
%
%@ARTICLE{Haralick1987,
%	author={R. M. Haralick and S. R. Sternberg and X. Zhuang},
%	journal={IEEE Transactions on Pattern Analysis and Machine Intelligence},
%	title={Image Analysis Using Mathematical Morphology},
%	year={1987},
%	volume={PAMI-9},
%	number={4},
%	pages={532-550},
%	keywords={Computer architecture;Convolution;Image analysis;Image texture analysis;Logic arrays;Machine vision;Morphological operations;Morphology;Robotic assembly;Shape;Closing;dilation;erosion;filtering;image analysis;morphology;opening;shape analysis},
%	doi={10.1109/TPAMI.1987.4767941},
%	ISSN={0162-8828},
%	month={July},}
%
%@article{He,
% 	author = {L. He and L. R. Long and S. Antani and G. R. Thoma},
% 	title = {Histology Image Analysis for Carcinoma Detection and Grading},
% 	journal = {Computer methods and programs in biomedicine},
% 	publisher = {Elsevier North-Holland, Inc.},
% 	volume = {107},
% 	number = {3},
% 	pages = {538-556},
% 	year = {2012},
% 	month = {Sep},
% 	issn = {0169-2607},
% 	doi = {10.1016/j.cmpb.2011.12.007},
%}
%
%@inproceedings{Hengen,
%	author = {H. Hengen and S. L. Spoor and M. C. Pandit},
%	title = {Analysis of blood and bone marrow smears using digital image processing techniques},
%	booktitle={Medical Imaging},
%	volume = {4684},
%	pages = {624-635},
%	year = {2002},
%	doi = {10.1117/12.467205},
%}
%
%@INPROCEEDINGS{Herve,
%	author={N. Herve and A. Servais and E. Thervet and J.-C. Olivo-Marin and V. Meas-Yedid},
%	title={Statistical color texture descriptors for histological images analysis},
%	booktitle={IEEE International Symposium on Biomedical Imaging: From Nano to Macro},
%	pages={724-727},
%	year={2011},
%	month={March},
%	issn={1945-7928},
%	doi={10.1109/ISBI.2011.5872508},
%}
%
%@misc{Hsu,
%  	author={C.-W. Hsu and C.-C. Chang and C.-J. Lin},
%  	title={A practical guide to support vector classification},
%  	year={2003}
%}
%
%@ARTICLE{HuMK,
%	author={M.-K. Hu},
%	title={Visual pattern recognition by moment invariants},
%	journal={IRE Transactions on Information Theory},
%	volume={8},
%	number={2},
%	pages={179-187},
%	year={1962}
%}
%
%@INPROCEEDINGS{HuY,
%	author={Y. Hu and Z. Chun-xia},
%	title={Unsupervised Texture Classification by Combining Multi-Scale Features and K-Means Classifier},
%	booktitle={CCPR Chinese Conference on Pattern Recognition},
%	pages={1-5},
%	year={2009},
%	month={Nov},
%	doi={10.1109/CCPR.2009.5344087},
%}
%
%@article{Inaba,
%	author = "H. Inaba and M. Greaves and C. G. Mullighan",
%	title = "Acute lymphoblastic leukaemia ",
%	journal = "The Lancet ",
%	volume = "381",
%	number = "9881",
%	pages = "1943-1955",
%	year = "2013",
%	issn = "0140-6736",
%	doi = "http://dx.doi.org/10.1016/S0140-6736(12)62187-4",
%}
%
%@INPROCEEDINGS{Jain,
%	author={A. K. Jain and F. Farrokhnia},
%	title={Unsupervised texture segmentation using Gabor filters},
%	booktitle={IEEE International Conference on Systems, Man and Cybernetics},
%	pages={14-19},
%	year={1990},
%	month={Nov},
%	doi={10.1109/ICSMC.1990.142050},
%}
%
%@inproceedings{Jantzen,
%  	author={J. Jantzen and G. Dounias},
%  	title={Analysis of Pap-smear image data},
%  	booktitle={Nature-Inspired Smart Information Systems 2nd Annual Symposium},
%  	year={2006}
%}
%
%@article{Kapur,
%	author = "J. N. Kapur and P. K. Sahoo and A. K. C. Wong",
%	title = "A new method for gray-level picture thresholding using the entropy of the histogram",
%	journal = "Computer Vision, Graphics, and Image Processing",
%	volume = "29",
%	number = "3",
%	pages = "273-285",
%	year = "1985",
%	issn = "0734-189X",
%	doi = "http://dx.doi.org/10.1016/0734-189X(85)90125-2",
%}
%
%@article{Karkanis,
%  	author={S. Karkanis and D. K. Iakovidis and D. E. Maroulis and D. Karras and M. Tzivras},
%  	title={Computer-aided tumor detection in endoscopic video using color wavelet features},
%  	journal={IEEE Transactions on Information Technology in Biomedicine},
%  	volume={7},
%  	number={3},
%  	pages={141-152},
%  	year={2003},
%}
%
%@article{Kass,
%author="M. Kass and A. Witkin and D. Terzopoulos",
%title="Snakes: Active contour models",
%journal="International Journal of Computer Vision",
%volume="1",
%number="4",
%pages="321-331",
%issn="1573-1405",
%doi="10.1007/BF00133570",
%}
%
%
%@article{Keenan,
%  	author={S. J. Keenan and J. Diamond and G. W. McCluggage and H. Bharucha and D. Thompson and P. H. Bartels and P. W. Hamilton},
%  	title={An automated machine vision system for the histological grading of Cervical Intraepithelial Neoplasia ({CIN})},
%  	journal={The Journal of pathology},
%  	publisher={Wiley Online Library},
%  	volume={192},
%  	number={3},
%  	pages={351-362},
%  	year={2000},
%}
%
%@article{Khan,
%  title={An accurate and cost effective approach to blood cell count},
%  author={Khan, Sanaullah and Khan, Aamir and Khattak, Faisal Saleh and Naseem, Arslan},
%  journal={International Journal of Computer Applications},
%  volume={50},
%  number={1},
%  year={2012},
%  publisher={Foundation of Computer Science}
%}
%
%@inproceedings{Khashman,
% 	author = {A. Khashman and E. Al-Zgoul},
% 	title = {Image Segmentation of Blood Cells in Leukemia Patients},
% 	booktitle = {WSEAS International Conference on Computer Engineering and Applications},
% 	publisher = {World Scientific and Engineering Academy and Society},
% 	series = {CEA'10},
% 	pages = {104--109},
% 	year = {2009},
% 	isbn = {978-960-474-151-9},
% 	url = {http://dl.acm.org/citation.cfm?id=1808102.1808122},
%}
%
%@incollection{Kittler,
%author={J. Kittler},
%title={Feature set search algorithms},
%booktitle={Pattern Recognition and Signal Processing},
%pages={41-60},
%publisher={Sijthoff and Noordhoff, Alphen aan den Rijn},
%year={1978},
%}
%
%@article{Kothari,
%	author={S. Kothari and J. H. Phan and A. N. Young and M. D. Wang},
%	title={Histological image classification using biologically interpretable shape-based features},
%	journal={BMC Medical Imaging},
%	publisher={BioMed Central},
%	volume={13},
%	number={1},
%	year={2013},
%	doi={10.1186/1471-2342-13-9},
%}
%
%
%@INPROCEEDINGS{Kovalev,
%	author={V. A. Kovalev and A. Y. Grigoriev and A. Hyo-Sok},
%	title={Robust recognition of white blood cell images},
%	booktitle={International Conference on Pattern Recognition},
%	volume={4},
%	pages={371-375},
%	year={1996},
%	month={Aug},
%	doi={10.1109/ICPR.1996.547448},
%	issn={1051-4651},
%}
%
%@article{Kekre,
%	author={H. B. Kekre and B. Archana and H. R. Galiyal},
%	title= {Segmentation of Blast using Vector Quantization},
%	journal={International Journal of Computer Applications},
%	volume={72},
%	number={15},
%	year={2013},
%	month={June},
%}
%
%@inproceedings{Langley,
%  	author={P. Langley and W. Iba and K. Thompson},
%	title={An analysis of Bayesian classifiers},
%  	booktitle={National Conference on Artificial Intelligence},
%  	publisher={AAAI Press},
%  	volume={90},
%  	pages={223-228},
%  	year={1992},
%	month={July},
%}
%
%@article{Less,
%	author = "B. Lessmann and T. W. Nattkemper and V. H. Hans and A. Degenhard",
%	title = "A method for linking computed image features to histological semantics in neuropathology ",
%	journal = "Journal of Biomedical Informatics ",
%	volume = "40",
%	number = "6",
%	pages = "631-641",
%	year = "2007",
%	note = "Intelligent Data Analysis in Biomedicine ",
%	issn = "1532-0464",
%	doi = "http://dx.doi.org/10.1016/j.jbi.2007.06.007",
%}
%
%@ARTICLE{Lez02,
%	author={O. Lezoray and H. Cardot},
%	title={Cooperation of color pixel classification schemes and color watershed: a study for microscopic images},
%	journal={IEEE Transactions on Image Processing},
%	volume={11},
%	number={7},
%	pages={783-789},
%	year={2002},
%	month={Jul},
%	issn={1057-7149},
%	doi={10.1109/TIP.2002.800889},
%}
%
%@inproceedings{Lez98,
%  	author = {O. Lezoray and A. Elmoataz and H. Cardot and G. Gougeon and M. Lecluse and H. Elie and M. Revenu},
%  	title = {Segmentation of cytological image using color and mathematical morphology},
%  	booktitle = {European conference on Stereology},
%  	year = {1998},
%  	url = {https://hal.archives-ouvertes.fr/hal-00964895},
%}
%
%@article{Lindblad,
%  	author={J. Lindblad},
%  	title={Development of algorithms for digital image cytometry},
%  	publisher={Acta Universitatis Upsaliensis},
%  	year={2002},
%}
%
%@article{Lowe,
%	author={D. G. Lowe},
%	title={Distinctive Image Features from Scale-Invariant Keypoints},
%	journal={International Journal of Computer Vision},
%	publisher={Kluwer Academic Publishers},
%	volume={60},
%	number={2},
%	pages={91-110},
%	year={2004},
%	issn={0920-5691},
%	doi={10.1023/B:VISI.0000029664.99615.94},
%}
%
%@ARTICLE{Madhloom,
%	author={H. T. Madhloom and  S. A. Kareem and H. Ariffin and A. A. Zaidan and H. O. Alanazi and B. B. Zaidan},
%	title={An automated white blood cell nucleus localization and segmentation using image arithmetic and automatic threshold},
%	journal={Journal of Applied Sciences},
%	volume={10},
%	number={11},
%	pages={959-966},
%	year={2010},
%	doi={10.3923/jas.2010.959.966},
%}
%
%@ARTICLE{Mahmood,
%	author={N. H. Mahmood and P. C. Lim and S. M. Mazalan and M. A. A. Razak},
%	title={Blood cells extraction using color based segmentation technique},
%	journal={International Journal of Life Sciences Biotechnology and Pharma Research},
%	volume={2},
%	number={2},
%	year={2013},
%}
%
%@article{Malpica,
%  	author={N. Malpica and C. Ortiz de Solorzano and J. J. Vaquero and A. Santos and I. Vallcorba and J. M. Garcia-Sagredo and F. del Pozo},
%  	title={Applying watershed algorithms to the segmentation of clustered nuclei},
%  	journal={Citometry},
%  	publisher={Wiley},
%  	volume={28},
%  	number={4},
%  	pages={289-297},
%  	year={1997},
% 	month={Sep},
%}
%
%@article {Marr,
%	author = {D. Marr and E. Hildreth},
%	title = {Theory of Edge Detection},
%      journal = {Proceedings of the Royal Society of London B: Biological Sciences},
%	volume = {207},
%	number = {1167},
%	pages = {187-217},
%	year = {1980},
%	publisher = {The Royal Society},
%	issn = {0080-4649},
%      doi = {10.1098/rspb.1980.0020},
%}
%
%@article{Maurer,
%  	author={C. R. Maurer Jr and R. Qi, V. Raghavan},
%  	title={A linear time algorithm for computing exact Euclidean distance transforms of binary images in arbitrary dimensions},
%  	journal={ IEEE Transactions on Pattern Analysis and Machine Intelligence},
%  	volume={25},
%  	number={2},
%  	pages={265-270},
%  	year={2003},
%}
%
%@article{MeloP,
%	author = "P. Melo-Pinto and P. Couto and H. Bustince and E. Barrenechea and M. Pagola and J. Fernandez",
%	title = "Image segmentation using Atanassov’s intuitionistic fuzzy sets ",
%	journal = "Expert Systems with Applications ",
%	volume = "40",
%	number = "1",
%	pages = "15-26",
%	year = "2013",
%	issn = "0957-4174",
%	doi = "http://dx.doi.org/10.1016/j.eswa.2012.05.055",
%}
%
%@inproceedings{Meng,
%  	author={T. Meng and L. Lin and M.-L. Shyu and S.-C. Chen},
%  	title={Histology image classification using supervised classification and multimodal fusion},
%  	booktitle={ IEEE ISM International Symposium on Multimedia},
%  	pages={145-152},
%  	year={2010},
%}
%
%@article{Meyer,
%  	author={F. Meyer},
%  	title={Topographic distance and watershed lines},
%  	journal={Signal processing},
%	publisher={Elsevier},  	
%	volume={38},
%  	number={1},
%  	pages={113-125},
%  	year={1994},
%}
%
%@article{Mitrea,
%  	author={D. Mitrea and P. Mitrea and S. Nedevschi and R. Badea and M. Lupsor and M. Socaciu and A. Golea and C. Hagiu and L. Ciobanu},
%  	title={Abdominal tumor characterization and recognition using superior-order cooccurrence matrices, based on ultrasound images},
%  	journal={Computational and mathematical methods in medicine},
%  	publisher={Hindawi Publishing Corporation},
%  	volume={2012},
%  	year={2012},
%}
%
%@INPROCEEDINGS{Mohapatra10a,
%	author={S. Mohapatra and D. Patra},
%	title={Automated leukemia detection using hausdorff dimension in blood microscopic images},
%	booktitle={INTERACT International Conference on Emerging Trends in Robotics and Communication Technologies},
%	pages={64-68},
%	year={2010},
%	month={Dec},
%	doi={10.1109/INTERACT.2010.5706196},
%}
%
%@INPROCEEDINGS{Mohapatra10b,
%	author={S. Mohapatra and D. Patra and S. Satpathy},
%	title={Image analysis of blood microscopic images for acute leukemia detection},
%	booktitle={ International Conference IECR on Industrial Electronics, Control Robotics},
%	pages={215-219},
%	year={2010},
%	month={Dec},
%	doi={10.1109/IECR.2010.5720171},
%}
%
%@INPROCEEDINGS{Mohapatra10c,
%	author={S. Mohapatra and D. Patra},
%	title={Automated cell nucleus segmentation and acute leukemia detection in blood microscopic images},
%	booktitle={ICSMB International Conference on Systems in Medicine and Biology},
%	pages={49-54},
%	year={2010},
%	month={Dec},
%	doi={10.1109/ICSMB.2010.5735344},
%}
%
%@article{Mohapatra14,
%	author={S. Mohapatra and D. Patra and S. Satpathy},
%	title={An ensemble classifier system for early diagnosis of acute lymphoblastic leukemia in blood microscopic images},
%	journal={Neural Computing and Applications},
%	publisher={Springer London},
%	volume={24},
%	number={7-8},
%	pages={1887-1904},
%	year={2014},
%	issn={0941-0643},
%	doi={10.1007/s00521-013-1438-3},
%}
%
%@inproceedings{Monaco,
%	author = {J. Monaco and J. E. Tomaszewski and M. D. Feldman and M. Moradi and P. Mousavi and A. Boag and C. Davidson and P. Abolmaesumi and A. Madabhushi},
%	title = {Probabilistic pairwise Markov models: application to prostate cancer detection},
%	booktitle={Medical Imaging},
%	volume = {7259},
%	pages = {725903-725912},
%	year = {2009},
%	doi = {10.1117/12.812462},
%}
%
%@inproceedings{Naik07,
%  	author={S. Naik and S. Doyle and M. Feldman and J. Tomaszewski and A. Madabhushi},
%  	title={Gland segmentation and computerized gleason grading of prostate histology by integrating low-, high-level and domain specific information},
%  	booktitle={MIAAB workshop},
%  	pages={1-8},
%  	year={2007}
%}
%
%@INPROCEEDINGS{Naik08,
%	author={S. Naik and S. Doyle and S. Agner and A. Madabhushi and M. Feldman and J. Tomaszewski},
%	title={Automated gland and nuclei segmentation for grading of prostate and breast cancer histopathology},
%	booktitle={IEEE ISBI International Symposium on Biomedical Imaging: From Nano to Macro},
%	pages={284-287},
%	year={2008},
%	month={May},
%	doi={10.1109/ISBI.2008.4540988},
%}
%
%@article{Nanni,
%  	author={L. Nanni and S. Brahnam and S. Ghidoni and E. Menegatti and T. Barrier},
%	title={Different approaches for extracting information from the co-occurrence matrix},
%  	journal={PloS one},
%  	publisher={Public Library of Science},
%  	volume={8},
%  	number={12},
%  	year={2013},
%}
%
%@INPROCEEDINGS{Nasir,
%	author={A. A. S. Nasir and M. Y. Mashor and H. Rosline},
%	title={Unsupervised colour segmentation of white blood cell for acute leukaemia images},
%	booktitle={IEEE International Conference on IST Imaging Systems and Techniques},
%	pages={142-145},
%	year={2011},
%	month={May},
%	doi={10.1109/IST.2011.5962188},
%}
%
%@article{Nguyen,
%  title={Cell splitting with high degree of overlapping in peripheral blood smear},
%  author={Nguyen, Ngoc-Tung and Duong, Anh-Duc and Vu, Hai-Quan},
%  journal={International Journal of Computer Theory and Engineering},
%  volume={3},
%  number={3},
%  pages={473},
%  year={2011},
%  publisher={IACSIT Press}
%}
%
%@article{Ojala,
%	author = "T. Ojala and M. Pietikäinen and D. Harwood",
%	title = "A comparative study of texture measures with classification based on featured distributions",
%	journal = "Pattern Recognition ",
%	volume = "29",
%	number = "1",
%	pages = "51-59",
%	year = "1996",
%	issn = "0031-3203",
%	doi = "http://dx.doi.org/10.1016/0031-3203(95)00067-4",
%}
%
%@article{Otsu,
%  	author={N. Otsu},
%  	title={A threshold selection method from gray-level histograms},
%  	journal={Automatica},
%  	volume={11},
%  	number={285-296},
%  	pages={23-27},
%  	year={1975}
%}
%
%@incollection{Pan,
%	author={C. Pan and H. Lu and F. Cao},
%	title={Segmentation of Blood and Bone Marrow Cell Images via Learning by Sampling},
%	booktitle={Emerging Intelligent Computing Technology and Applications},
%	series={Lecture Notes in Computer Science},
%	publisher={Springer Berlin Heidelberg},
%	volume={5754},
%	pages={336-345},
%	year={2009},
%}
%
%@article{Pal,
%	author = "S. K. Pal and A. Rosenfeld",
%	title = "Image enhancement and thresholding by optimization of fuzzy compactness ",
%	journal = "Pattern Recognition Letters ",
%	volume = "7",
%	number = "2",
%	pages = "77-86",
%	year = "1988",
%	issn = "0167-8655",
%	doi = "http://dx.doi.org/10.1016/0167-8655(88)90122-5",
%}
%
%@INPROCEEDINGS{Piuri,
%	author={V. Piuri and F. Scotti},
%	title={Morphological classification of blood leucocytes by microscope images},
%	booktitle={IEEE International Conference CIMSA on Computational Intelligence for Measurement Systems and Applications},
%	pages={103-108},
%	year={2004},
%	month={July},
%	doi={10.1109/CIMSA.2004.1397242},
%}
%
%@INPROCEEDINGS{Porebski,
%	author={A. Porebski and N. Vandenbroucke and D. Hamad},
%	title={LBP histogram selection for supervised color texture classification},
%	booktitle={IEEE ICIP International Conference on Image Processing},
%	pages={3239-3243},
%	year={2013},
%	month={Sept},
%	doi={10.1109/ICIP.2013.6738667},
%}
%
%@article{Put13a,
%  	author={L. Putzu and C. {Di Ruberto}},
%  	title={White blood cells identification and counting from microscopic blood images},
%  	journal={World Academy of Science, Engineering and Technology},
%  	volume={7},
%  	number={1},
%  	pages={363--370},
%  	year={2013},
% 	month={Gen},
%}
%
%@inproceedings{Put13b,
%  	author={L. Putzu and C. {Di Ruberto}},
%  	title={White blood cells identification and classification from leukemic blood image},
%  	booktitle={IWBBIO International work-conference on bioinformatics and biomedical engineering},
%  	pages={99-106},
%  	year={2013},
% 	month={Mar},
%}
%
%@incollection{Put13c,
%	author={L. Putzu and C. {Di Ruberto}},
%	title={Investigation of Different Classification Models to Determine the Presence of Leukemia in Peripheral Blood Image},
%	booktitle={ICIAP International Conference on Image Analysis and Processing},
%	series={Lecture Notes in Computer Science},
%	publisher={Springer Berlin Heidelberg},
%	volume={8156},
%	pages={612-621},
%	year={2013},
%}
%
%@INPROCEEDINGS{Put14a,
%	author={C. {Di Ruberto} and L. Putzu},
%	title={Accurate Blood Cells Segmentation through Intuitionistic Fuzzy Set Threshold},
%	booktitle={International Conference SITIS on Signal-Image Technology and Internet-Based Systems},
%	pages={57-64},
%	year={2014},
%	month={Nov},
%	doi={10.1109/SITIS.2014.43},
%}
%
%@article{Put14b,
%	author = "L. Putzu and G. Caocci and C. {Di Ruberto}",
%	title = "Leucocyte classification for leukaemia detection using image processing techniques ",
%	journal = "Artificial Intelligence in Medicine ",
%	volume = "62",
%	number = "3",
%	pages = "179-191",
%	year = "2014",
%	issn = "0933-3657",
%	doi = "http://dx.doi.org/10.1016/j.artmed.2014.09.002",
%}
%
%@incollection{Put15a,
%	author={C. {Di Ruberto} and G. Fodde and L. Putzu},
%	title={Comparison of Statistical Features for Medical Colour Image Classification},
%	booktitle={International Conference ICVS on Computer Vision Systems},
%	series={Lecture Notes in Computer Science},
%	publisher={Springer International Publishing},
%	volume={9163},
%	pages={3-13},
%	year={2015},
%}
%
%@incollection{Put15b,
%	author={C. {Di Ruberto} and G. Fodde and L. Putzu},
%	title={On Different Colour Spaces for Medical Colour Image Classification},
%	booktitle={International Conference CAIP on Computer Analysis of Images and Patterns},
%	series={Lecture Notes in Computer Science},
%	publisher={Springer International Publishing},
%	volume={9256},
%	pages={477-488},
%	year={2015},
%}
%
%@incollection{Put15c,
%	author={C. {Di Ruberto} and A. Loddo and L. Putzu},
%	title={Learning by Sampling for White Blood Cells Segmentation},
%	booktitle={ICIAP International Conference on Image Analysis and Processing},
%	series={Lecture Notes in Computer Science},
%	publisher={Springer International Publishing},
%	volume={9279},
%	pages={557-567},
%	year={2015},
%}
%
%@incollection{Put15d,
%	author={C. {Di Ruberto} and A. Loddo and L. Putzu},
%	title={A Multiple Classifier Learning by Sampling System for White Blood Cells Segmentation},
%	booktitle={International Conference CAIP on Computer Analysis of Images and Patterns},
%	series={Lecture Notes in Computer Science},
%	publisher={Springer International Publishing},
%	volume={9257},
%	pages={415-425},
%	year={2015},
%}
%
%@Article{Put16c,
%author="C. {Di Ruberto} and A. Loddo and L. Putzu",
%title="A leucocytes count system from blood smear images",
%journal="Machine Vision and Applications",
%year="2016",
%pages="1-10",
%issn="1432-1769",
%doi="10.1007/s00138-016-0812-4",
%url="http://dx.doi.org/10.1007/s00138-016-0812-4"
%}
%
%@article{Quinlan,
%	author={J. R. Quinlan},
%	title={Induction of decision trees},
%	journal={Machine Learning},
%	publisher={Kluwer Academic Publishers},
%	volume={1},
%	number={1},
%	pages={81-106},
%	year={1986},
%}
%
%@article{Ramar,
%	author = "K. Ramar and S. Arumugam and S.N. Sivanandam and L. Ganesan and D. Manimegalai",
%	title = "Quantitative fuzzy measures for threshold selection ",
%	journal = "Pattern Recognition Letters ",
%	volume = "21",
%	number = "1",
%	pages = "1-7",
%	year = "2000",
%}
%
%@INPROCEEDINGS{Rawat,
%	author={J. Rawat and A. Singh and H. S. Bhadauria and I. Kumar},
%	title={Comparative analysis of segmentation algorithms for leukocyte extraction in the acute Lymphoblastic Leukemia images},
%	booktitle={Internation Conference on Parallel, Distributed and Grid Computing},
%	pages={245-250},
%	year={2014},
%	month={December},
%}
%
%@article{Rezatofighi,
%	author = "S. H. Rezatofighi and H. S. Zadeh",
%	title = "Automatic recognition of five types of white blood cells in peripheral blood ",
%	journal = "Computerized Medical Imaging and Graphics ",
%	volume = "35",
%	number = "4",
%	pages = "333-343",
%	year = "2011",
%	issn = "0895-6111",
%	doi = "http://dx.doi.org/10.1016/j.compmedimag.2011.01.003",
%}
%
%@article{Sadeghian,
%	author={F. Sadeghian and Z. Seman and A. R. Ramli and A. Kahar and B. Hisham and M.-I. Saripan},
%	title={A Framework for White Blood Cell Segmentation in Microscopic Blood Images Using Digital Image Processing},
%	journal={Biological Procedures Online},
%	publisher={Springer-Verlag},
%	volume={11},
%	number={1},
%	pages={196-206},
%	year={2009},
%	doi={10.1007/s12575-009-9011-2},
%}
%
%@article{Schmid,
%  	author={K. Schmid and N. Angerstein and S. Geleff and A. Gschwendtner},
%  	title={Quantitative nuclear texture features analysis confirms WHO classification 2004 for lung carcinomas},
%  	journal={Modern pathology},
%  	volume={19},
%  	number={3},
%  	pages={453-459},
%  	year={2006},
%  	publisher={Nature Publishing Group}
%}
%
%
%@INPROCEEDINGS{Sco05,
%	author={F. Scotti},
%	title={Automatic morphological analysis for acute leukemia identification in peripheral blood microscope images},
%	booktitle={IEEE International Conference CIMSA on Computational Intelligence for Measurement Systems and Applications},
%	year={2005},
%	pages={96-101},
%	doi={10.1109/CIMSA.2005.1522835},
%	month={July},
%}
%
%@INPROCEEDINGS{Sco06,
%	author={ F. Scotti},
%	title={Robust Segmentation and Measurements Techniques of White Cells in Blood Microscope Images},
%	booktitle={IEEE IMTC Instrumentation and Measurement Technology Conference},
%	year={2006},
%	pages={43-48},
%	doi={10.1109/IMTC.2006.328170},
%	ISSN={1091-5281},
%	month={April},
%}
%
%@INPROCEEDINGS{Serbouti,
%	author={S. Serbouti and A. Duhamel and H. Harms and U. Gunzer and H. M. Aus and J.-Y. Mary and  R. Beuscart},
%	title={Image Segmentation And Classification Methods To Detect Leukemias},
%	booktitle={IEEE International Conference on Engineering in Medicine and Biology Society},  volume={13},
%	year={1991},
%	pages={260-261},
%	doi={10.1109/IEMBS.1991.683926},
%	month={Oct},
%}
%
%@book{Serra,
%  	author={J. Serra},
%  	title={Image analysis and mathematical morphology},
%  	volume = {I},	
%  	year={1983},
%  	publisher={Academic Press, Inc.}
%}
%
%@book{Serra2,
%  	author={J. Serra},
%  	title={Image analysis and mathematical morphology, Theoretical Advances},
%  	volume = {II},	
%  	year={1983},
%  	publisher={Academic Press, Inc.}
%}
%
%@inproceedings{Sertel,
%  	author={O. Sertel and J. Kong and G. Lozanski and U. Catalyurek and J. H. Saltz and M. N. Gurcan},
%  	title={Computerized microscopic image analysis of follicular lymphoma},
%  	booktitle={Medical Imaging},
%  	pages={691535--691535},
%  	year={2008},
%}
%
%@article{Shamir,
%	author={L. Shamir and N. Orlov and M. E. David and T. Macura and I. Goldberg},
%	title={IICBU 2008: a proposed benchmark suite for biological image analysis},
%	journal={Medical \& Biological Engineering \& Computing},
%	year={2008},
%	issn={0140-0118},
%	volume={46},
%	number={9},
%	doi={10.1007/s11517-008-0380-5},
%	publisher={Springer-Verlag},
%	pages={943-947},
%}
%
%@INPROCEEDINGS{Sinha,
%	author={N. Sinha and A. G. Ramakrishnan},
%	title={Automation of differential blood count},
%	booktitle={TENCON Conference on Convergent Technologies for the Asia-Pacific Region},
%	year={2003},
%	volume={2},
%	pages={547-551},
%	doi={10.1109/TENCON.2003.1273221},
%	month={Oct},
%}
%
%@ARTICLE{Soh,
%	author={L.-K. Soh and C. Tsatsoulis},
%	title={Texture analysis of SAR sea ice imagery using gray level co-occurrence matrices},
%	journal={IEEE Transactions on Geoscience and Remote Sensing},
%	year={1999},
%	volume={37},
%	number={2},
%	pages={780-795},
%	doi={10.1109/36.752194},
%	ISSN={0196-2892},
%	month={Mar},
%}
%
%@article{Soltanzadeh,
%  	author    = {R. Soltanzadeh and H. Rabbani and A. Talebi},
%  	title     = {Extraction of Nucleolus Candidate Zone in White Blood Cells of Peripheral Blood Smear Images Using Curvelet Transform},
%  	journal   = {Computational and Mathematical Methods in Medicine},
%  	volume    = {2012},
%  	pages     = {574184:1--574184:12},
%  	year      = {2012},
%  	url       = {http://dx.doi.org/10.1155/2012/574184},
%  	doi       = {10.1155/2012/574184},
%}
%
%@book{Stockman,
% 	author = {G. Stockman and L. G. Shapiro},
% 	title = {Computer Vision},
% 	year = {2001},
% 	isbn = {0130307963},
% 	edition = {1st},
% 	publisher = {Prentice Hall PTR},
%	address = {Upper Saddle River, NJ, USA},
%}
%
%@ARTICLE{Sugeno,
%	author={D. A. Ralescu and M. Sugeno},
%	title={Fuzzy integral representation},
%	journal={Fuzzy Sets and Systems},
%	year={1996},
%	volume={84},
%	number={2},
%	pages={127-133},
%}
%
%@article{Szmidt,
%	author = "E. Szmidt and J. Kacprzyk",
%	title = "Distances between intuitionistic fuzzy sets ",
%	journal = "Fuzzy Sets and Systems ",
%	volume = "114",
%	number = "3",
%	pages = "505-518",
%	year = "2000",
%	issn = "0165-0114",
%	doi = "http://dx.doi.org/10.1016/S0165-0114(98)00244-9",
%}
%
%@ARTICLE{Tang,
%	author={X. Tang},
%	title={Texture information in run-length matrices},
%	journal={IEEE Transactions on Image Processing},
%	year={1998},
%	volume={7},
%	number={11},
%	pages={1602-1609},
%	doi={10.1109/83.725367},
%	ISSN={1057-7149},
%	month={Nov},
%}
%
%@book{Vapnik,
%  	author={V. N. Vapnik and V. Vapnik},
%	title={Statistical learning theory},
%  	publisher={Wiley New York},
%  	volume={1},
%  	year={1998},
%}
%
%@article{Vandenbroucke,
%author = "N. Vandenbroucke and L. Macaire and J.-G. Postaire",
%title = "Color image segmentation by pixel classification in an adapted hybrid color space. Application to soccer image analysis ",
%journal = "Computer Vision and Image Understanding ",
%volume = "90",
%number = "2",
%pages = "190-216",
%year = "2003",
%issn = "1077-3142",
%doi = "http://dx.doi.org/10.1016/S1077-3142(03)00025-0",
%}
%
%@article{Walker,
%	author={R. F. Walker and P. T. Jackway and D. Longstaff},
%	title={Genetic algorithm optimization of adaptive multi-scale GLCM features},
%	journal={International Journal of Pattern Recognition and Artificial Intelligence},
%  	volume={17},
%  	number={01},
%  	pages={17-39},
%  	year={2003},
%  	publisher={World Scientific}
%}
%
%@article{Wold,
%	author = "S. Wold and K. Esbensen and P. Geladi",
%	title = "Proceedings of the Multivariate Statistical Workshop for Geologists and Geochemists Principal component analysis",
%	journal = "Chemometrics and Intelligent Laboratory Systems",
%	volume = "2",
%	number = "1",
%	pages = "37-52",
%	year = "1987",
%	issn = "0169-7439",
%	doi = "http://dx.doi.org/10.1016/0169-7439(87)80084-9",
%}
%
%@INPROCEEDINGS{Wu,
%	author={J. Wu and P. Zeng and Y. Zhou and C. Olivier},
%	title={A novel color image segmentation method and its application to white blood cell image analysis},
%	booktitle={International Conference on Signal Processing},
%	year={2006},
%	volume={2},
%	doi={10.1109/ICOSP.2006.345700},
%}
%
%@article{Yu,
% 	author = {L. Yu and H. Liu},
% 	title = {Efficient Feature Selection via Analysis of Relevance and Redundancy},
% 	journal = {Journal of Machine Learning Research},
% 	publisher = {JMLR.org},
% 	volume = {5},
% 	pages = {1205-1224},
% 	year = {2004},
%	month = dec,
% 	issn = {1532-4435},
%}
%
%
%@article{Zack,
%  	author={G. W. Zack and W. E. Rogers and S. A. Latt},
%  	title={Automatic measurement of sister chromatid exchange frequency.},
%  	journal={Journal of Histochemistry \& Cytochemistry},
%  	volume={25},
%  	number={7},
%  	pages={741--753},
%  	year={1977},
%  	publisher={SAGE Publications}
%}
%
%@article{ZadI,
%	title={The concept of a linguistic variable and its application to approximate reasoning {I}},
%	author={A. L. Zadeh},
%	journal={Information sciences},
%	volume={8},
%	number={3},
%	pages={199-249},
%	year={1975},
%  	publisher={Elsevier}
%}
%
%@article{ZadII,
%	title={The concept of a linguistic variable and its application to approximate reasoning {II}},
%	author={A. L. Zadeh},
%	journal={Information sciences},
%	volume={8},
%	number={4},
%	pages={301-357},
%	year={1975},
%	publisher={Elsevier}
%}
%
%@article{ZadIII,
%	title={The concept of a linguistic variable and its application to approximate reasoning  {III}},
%	author={A. L. Zadeh},
%	journal={Information sciences},
%	volume={9},
%	number={1},
%	pages={43-80},
%	year={1975},
%	publisher={Elsevier}
%}
%
%@MISC{Zahn,
%    author = {J. M. Zahn and S. Poosala and A. B. Owen and D. K. Ingram and A. Lustig and A. Carter and A. T. Weeraratna and D. D. Taub and M. Gorospe and K. Mazan-mamczarz and E. G. Lakatta and K. R. Boheler and X. Xu and M. P. Mattson and M. S. H. Ko and D. Schlessinger and J. Firman and S. K. Kummerfeld and W. H. Wood and A. B. Zonderman and S. K. Kim and K. G. Becker},
%    title = {AGEMAP: a gene expression database for aging in mice. PLoS Genet 3: e201},
%    publisher={PLoS Genetics},
%    volume={3},
%    number={11},
%    year = {2007},
%    doi={10.1371/journal.pgen.0030201},
%}
