@COMMENT malaria webpages:
@misc{WHO_dec_2016,
	author={WHO},
	title={Malaria fact sheet December 2016},
	year={2016},
	howpublished = "\url{http://www.who.int/mediacentre/factsheets/fs094/en/}",
	note = "[Online; accessed 06-March-2017]"
}


@COMMENT RBCs mathematical morphology related articles:
@article{Ahirwar2012,
	title={Advanced image analysis based system for automatic detection and classification of malarial parasite in blood images},
	author={Ahirwar, N. and Pattnaik, S. and Acharya, B.},
	journal={International Journal of Information Technology and Knowledge Management},
	volume={5},
	number={1},
	pages={59--64},
	year={2012},
}


@INPROCEEDINGS{Anggraini2011,
	author={D. Anggraini and A.S. Nugroho and C. Pratama and I.E. Rozi and A.A. Iskandar and R.N. Hartono},
	booktitle={In Proceedings of the 2011 International Conference on Electrical Engineering and Informatics},
	title={Automated status identification of microscopic images obtained from malaria thin blood smears},
	year={2011},
	pages={1-6},
	doi={10.1109/ICEEI.2011.6021762},
	ISSN={2155-6822},
	month={July},
}


@article{Arco2014,
	title = {Digital image analysis for automatic enumeration of malaria parasites using morphological operations},
    author = {Arco, J.E. and Gorriz, J.M. and Ramirez, J. and Alvarez, I. and Puntonet, C.G.},
	journal = {Expert Systems with Applications},
	volume = {42},
	number = {6},
	pages = {3041 - 3047},
	year = {2014},
}


@ARTICLE{Chen2012,
	author={Chen, S. and Zhao, M. and Wu, G. and Yao, C. and Zhang, J.},
	title={Recent Advances in Morphological Cell Image Analysis},
	journal={Computational and Mathematical Methods in Medicine},
	year={2012},
	volume={2012},
	pages={10}
	doi={10.1155/2012/101536},
	art_number={101536},	
	document_type={Review},
	source={Scopus},
}


@inproceedings{Das2011,
	title={Probabilistic prediction of malaria using morphological and textural information},
	author={Das, D.K. and Ghosh, M. and Chakraborty, C. and Maiti, A.K. and Pal, M.},
	booktitle={In Proceedings of the 2011 International Conference on Image Information Processing (ICIIP), },
	pages={1--6},
	year={2011},
	organization={IEEE}
}


@article{Das2014,
	title={Textural pattern classification of microscopic images for malaria screening},
	author={Das, D.K. and Maiti, A.K. and Chakraborty, C.},
	journal={Advances in Therapeutic Engineering},
	pages={419--446},
	year={2014},
	publisher={CRC Press}
}


@article{Das2013,
	title = {Machine learning approach for automated screening of malaria parasite using light microscopic images},
    author = {Das, D.K.  and Ghosh, M. and Pal, M. and Maiti, A.K. and Chakraborty, C.},
	journal = {Micron},
	volume = {45},
	pages = {97 - 106},
	year = {2013},
}


@article{Das2015,
	title={Computational microscopic imaging for malaria parasite detection: a systematic review},
	author={Das, D.K. and Mukherjee, R. and Chakraborty, C.},
	journal={Journal of microscopy},
	volume={260},
	number={1},
	pages={1--19},
	year={2015},
	publisher={Wiley Online Library}
}


@INPROCEEDINGS{Dave2017,
	author={I.R. Dave and K.P. Upla},
	booktitle={In Proceedings of the 2017 4th International Conference on Signal Processing and Integrated Networks (SPIN)},
	title={Computer Aided Diagnosis of Malaria Disease for Thin and Thick Blood Smear Microscopic Images},
	year={2017},
	pages={561-561},
}


@article{Devi2017,
  title={Erythrocyte segmentation for quantification in microscopic images of thin blood smears},
  author={Devi, S.S. and Singha, J. and Sharma, M. and Laskar, R.H.},
  journal={Journal of Intelligent and Fuzzy Systems},
  year={2017},
  volume={32},
  pages={2847-2856}
}


@inproceedings{Dey2015,
    author={R. Dey and K. Roy and D. Bhattacharjee and M. Nasipuri and P. Ghosh},
	title={An Automated system for Segmenting platelets from Microscopic images of Blood Cells},
	booktitle={In Proceedings of the 2015 International Symposium on Advanced Computing and Communication (ISACC)},
	pages={230-237},
    year={2015},
}


@article{Diaz2009,
  title={A semi-automatic method for quantification and classification of erythrocytes infected with malaria parasites in microscopic images},
  author={G. Diaz and F.A. Gonzalez and E. Romero},
  journal={Journal of Biomedical Informatics},
  year={2009},
  volume={42},
  pages={296-307},
}


@article{DiRuberto2002,
	title = {Analysis of infected blood cell images using morphological operators},
    author = {Di Ruberto, C. and Dempster, A. and Khan, S. and Jarra, B.},
	journal = {Image and Vision Computing},
	volume = {20},
	number = {2},
	pages = {133 - 146},
	year = {2002},
}


@inproceedings{DiRuberto2014,
    author={Di Ruberto, C. and Putzu, L.},
	title={Accurate blood cells segmentation through intuitionistic fuzzy set threshold},
	booktitle={In Proceedings of the 2014 International Conference on Signal Image Technology and Internet based Systems (SITIS)},
	pages={57-64},
    year={2014},
}


@article{DiRuberto2016,
    author={Di Ruberto, C. and Loddo, A. and Putzu, L.},
	title={A leucocytes count system from blood smear images: Segmentation and counting of white blood cells based on learning by sampling},
	journal={Machine Vision and Applications},
	volume={27},
	number={8},
	pages={1151-1160},
	year={2016},
}

@INPROCEEDINGS{Elter2011,
	author={Elter, M. and Ha{\ss}lmeyer, E. and Zerfa{\ss}, T.},
	booktitle={In Proceedings of the  2011 Annual International Conference of the IEEE Engineering in Medicine and Biology Society},
	title={Detection of malaria parasites in thick blood films},
	year={2011},
	pages={5140-5144},
}


@book{Giardina1988,
	author = {Giardina, C.R. and Dougherty, E.R.},
	title = {Morphological Methods in Image and Signal Processing},
	year = {1988},
	isbn = {0-13-601295-7},
	publisher = {Prentice-Hall, Inc.},
	address = {Upper Saddle River, NJ, USA},
} 	


@INPROCEEDINGS{Ghosh2011,
	author={M. Ghosh and D. Das and C. Chakraborty and A. K. Ray},
	booktitle={2011 International Conference on Image Information Processing},
	title={Plasmodium vivax segmentation using modified fuzzy divergence},
	year={2011},
	volume={},
	number={},
	pages={1-5},
}


@article{Gonzalez2016,
	title = {Automated marker identification using the Radon transform for watershed segmentation},
    author = {A. Gonzalez-Betancourt and P. Rodriguez-Ribalta et alt.},
	journal = {IET Image Processing},
	volume = {11},
	number = {3},
	pages = {183-189},
	year = {2016},
}


@inproceedings{Jiang2009,
	author={Jiang, X.},
	editor={ },
	year={2009},
	title={Feature extraction for image recognition and computer vision},
	booktitle={In Proceedings of the 2009 2nd IEEE International Conference on Computer Science and Information Technology, ICCSIT 2009},
	pages={1-15},
	language={English},
}


@inproceedings{Kareem2011,
	author={Kareem, S. and Morling, R.C.S. and Kale, I.},
	title={A novel method to count the red blood cells in thin blood films},
	booktitle={In Proceedings of the 2011 IEEE International Symposium on Circuits and Systems (ISCAS)},
	year={2011},
	pages={1021-1024},
	document_type={Conference Paper},
	source={Scopus},
}


@inproceedings{Kareem2012,
	author={Kareem, S. and Kale, I. and Morling, R.C.S.},
	editor={ },
	year={2012},
	title={Automated Malaria Parasite Detection in Thin Blood Films:- A Hybrid Illumination and Color Constancy Insensitive, Morphological Approach},
	booktitle={In Proceedings of the 2012 IEEE Asia Pacific Conference on  Circuits and Systems (APCCAS)},
	pages={ },
}


@article{Khan2011,
	title={Content based image retrieval approaches for detection of malarial parasite in blood images},
	author={Khan, M.I. and Acharya, B. and Singh, B.K. and Soni, J.},
	journal={International Journal of Biometrics and Bioinformatics (IJBB)},
	volume={5},
	number={2},
	pages={97},
	year={2011},
	publisher={Citeseer}
}


@INPROCEEDINGS{Khan2014,
	author={Khan, N.A. and Pervaz, H. and Latif, A.K. and Musharraf, A. and Saniya},
	booktitle={In Proceedings of the 2014 11th International Joint Conference on Computer Science and Software Engineering (JCSSE)},
	title={Unsupervised identification of malaria parasites using computer vision},
	year={2014},
	pages={263-267},
}


@INPROCEEDINGS{Loddo2016,
	author={Loddo, A. and Putzu, L. and Di Ruberto, C. and Fenu, G.},
	title={A Computer-Aided System for Differential Count from Peripheral Blood Cell Images},
	booktitle={In Proceedings of the 2016 12th International Conference on Signal-Image Technology Internet-Based Systems (SITIS)},
	year={2016},
	pages={112-118},
}


@INPROCEEDINGS{Malihi2013,
	author={Malihi, L. and Ansari-Asl, K. and Behbahani, A.},
	booktitle={In Proceedings of the 2013 8th Iranian Conference on Machine Vision and Image Processing (MVIP)},
	title={Malaria parasite detection in giemsa-stained blood cell images},
	year={2013},
	pages={360-365},
}


@INPROCEEDINGS{Mushabe2013,
	author={Mushabe, M.C. and Dendere, R. and Douglas, T.S.},
	booktitle={In Proceedings of the 2013 35th Annual International Conference of the IEEE Engineering in Medicine and Biology Society (EMBC)},
	title={Automated detection of malaria in Giemsa-stained thin blood smears},
	year={2013},
	pages={3698-3701},
}


@article{Oliveira2017,
	title={The Malaria System MicroApp: A New, Mobile Device-Based Tool for Malaria Diagnosis},
	author={Oliveira, A.D.  and Prats, C. and Espasa, M. and et al.},
    journal={JMIR Research Protocols},
	volume={6},
	number={4},
	pages={1--11},
}


@article{Otsu1975,
	title={A threshold selection method from gray-level histograms},
	author={Otsu, N.},
	journal={Automatica},
	volume={11},
	number={285-296},
	pages={23--27},
	year={1975},
}


@INPROCEEDINGS{Reni2015,
	author={S. K. Reni and I. Kale and R. Morling},
	booktitle={2015 E-Health and Bioengineering Conference (EHB)},
	title={Analysis of thin blood images for automated malaria diagnosis},
	year={2015},
	volume={},
	number={},
	pages={1-4},
}


@article{Romero2016,
	title={Algorithm for detection of overlapped red blood cells in microscopic images of blood smears},
	author={Romero-Rondon, M.F. and Sanabria-Rosas, L.M. and Bautista-Rozo, L.X. and Mendoza-Castellanos, A.},
	journal={DYNA},
	volume={83},
    number={198},
	pages={187--194},
	year={2016},
}


@article{Rosado2016,
	author = {Luis Rosado and Jose M. Correia da Costa and Dirk Elias and Jaime S. Cardoso},
	title = {A review of automatic malaria parasites detection and segmentation in microscopic images},
	journal = {Anti-Infective Agents},
	volume = {14},
	year = {2016},
	type = {article},
	pages = {11--22},
}


@article{Rosado2017,
	author={Luis Rosado and Jose M. Correia da Costa and Dirk Elias and Jaime S. Cardoso},
	title={Mobile-Based Analysis of Malaria-Infected Thin Blood Smears: Automated Species and Life Cycle Stage Determination},
	journal={Sensors},
	volume={17},
    number={2167},
	pages={1--22},
	year={2017},
}


@Article{Ross2006,
	author={Ross, N.E. and Pritchard, C.J. and Rubin, D.M. and Dus{\'e}, A.G.},
	title={Automated image processing method for the diagnosis and classification of malaria on thin blood smears},
	journal={Medical and Biological Engineering and Computing},
	year={2006},
	volume={44},
	number={5},
	pages={427--436},
}


@Article{Sathpathi2014,
	author={Sathpathi, S. and Mohanty, A.K. and Satpathi, P. and Mishra, S.K. and Behera, P.K. and Patel, G. and Dondorp, A.M.},
	title={Comparing Leishman and Giemsa staining for the assessment of peripheral blood smear preparations in a malaria-endemic region in India},
	journal={Malaria Journal},
	year={2014},
	volume={13},
	number={1},
	pages={512-516},
}


@article{Savkare2011a,
	title={Automatic Classification of Normal and Infected Blood Cells for Parasitemia Detection},
	author={Savkare, S.S. and Narote, S.P.},
	journal={International Journal of Computer Science and Network Security (IJCSS)},
	volume={11},
	number={2},
	pages={94-97},
	year={2011},
	publisher={Citeseer}
}


@article{Savkare2011b,
	title={Automatic detection of malaria parasites for estimating parasitemia},
	author={Savkare, S.S. and Narote, S.P.},
	journal={International Journal of Computer Science and Security (IJCSS)},
	volume={5},
	number={3},
	pages={310-315},
	year={2011},
    publisher={Citeseer}
}


@inproceedings{Savkare2015,
    author={Savkare, S.S. and Narote, S.P.},
	title={Blood Cell Segmentation from Microscopic Blood Images},
	booktitle={In Proceedings of the 2015 International Conference on Information Processing (ICIP)},
	pages={502-505},
    year={2015},
}


@phdthesis{Schulze1994,
	author = {Schulze, M.A.},
	title={Biomedical Image Processing with	Morphology-Based Nonlinear Filters},
	school = {University of Texas at Austin},
	year		= {1994},
}


@article{Sheik2013,
    title={Automatic diagnosis of malaria based on complete circle ellipse fitting search algorithm},
	author={Sheikhhosseini, M. and Rabbani, H. and Zekri, M. and Talebi, A.},
	journal={Journal of Microscopy},
	volume={252},
	number={3},
	pages={189--203},
	year={2013},
	publisher={Royal Microscopical Society}
}


@MastersThesis{Springl2009,
	author =  {{\v{S}}pringl, V.},
	title = {Automatic malaria diagnosis through microscopy imaging},
	school = {Czech Technical University in Prague, Faculty of Elecrical Engineering},
	address = {Czech Republic},
	pages={128},
	year={2009},
}


@book{Soille2004,
	author = {Soille, P.},
	booktitle = {Morphological Image Analysis Principles and Applications},
	pages = {392},
	title = {Morphological Image Analysis: Principles and Applications},
	url = {http://link.springer.com/10.1007/978-3-662-05088-0},
    publisher = {Springer},
	year = {2004},
}

@article{Somasekar2015,
	title={Segmentation of erythrocytes infected with malaria parasites for the diagnosis using microscopy imaging},
	author={Somasekar, J. and Reddy, B.E.},
	journal={Computers and Electrical Engineering},
	volume={45},
	pages={336--351},
	year={2015},
	publisher={Elsevier},
}


@article{Somasekar2011,
	title={Computer vision for malaria parasite classification in erythrocytes},
	author={Somasekar, J.},
	journal={International Journal on Computer Science and Engineering},
	volume={3},
	number={6},
	pages={2251--2256},
	year={2011},
	publisher={Engg Journals Publications},
}


@article{Somasekar2017,
	title={A Novel Two-Stage Thresholding Method for Segmentation of Malaria Parasites in Microscopic Blood Images},
	author={Somasekar, J. and Reddy, B.E.},
	journal={Journal of Biomedical Engineering and Medical Imaging},
	volume={4},
    number={2},
	pages={31--42},
	year={2017},
}


@article{Soni2011,
	title={Automatic difference between RBC and Malaria parasites based on morphology with first order features using image processing},
	author={Soni, J. and Mishra, N. and Kamargaonkar, C.},
	journal={Int. J. Adv. Eng. Technol},
	volume={1},
	pages={290--297},
	year={2011},
}


@inproceedings{Sulist2015,
    author={D.H. Sulistyawati and F.Z. Rahmanti and I.K.E. Purnama and M.H. Purnomo},
	title={Automatic Segmentation of Malaria Parasites on Thick Blood Film using Blob Analysis},
	booktitle={In Proceedings of the 2015 International Seminar on Intelligent Technology and Its Applications},
	pages={137-142},
    year={2015},
}


@inproceedings{Tek2006,
    author={Tek, F.B. and Dempster, A.G. and Kale, I.},
	title={Malaria parasite detection in peripheral blood images},
	booktitle={In Proceedings of the 2006 British Machine Vision Conference (BMVC)},
	pages={347-356},
    year={2006},
    document_type={Conference Paper},
    source={Scopus},
}


@article{Tek2009,
	title = {Computer vision for microscopy diagnosis of malaria},
    author = {Tek, F.B. and Dempster, A.G. and Kale, I.},
	journal = {Malaria Journal},
	volume = {8},
	number = {153},
    pages = {1--14},
	year = {2009},
}


@article{Tek2010,
	title = {Parasite detection and identification for automated thin blood film malaria diagnosis},
    author = {Tek, F.B. and Dempster, A.G. and Kale, I.},
	journal = {Computer Vision and Image Understanding},
	volume = {114},
	number = {1},
	pages = {21 - 32},
	year = {2010},
}


@article{Yunda2012,
	title={Automated image analysis method for p-vivax malaria parasite detection in thick film blood images},
	author={Yunda, L. and Alarc{\'o}n, A. and Mill{\'a}n, J.},
	journal={Sistemas \& Telem{\'a}tica},
	volume={10},
	number={20},
	pages={9--25},
	year={2012},
}
